InvoiceID,Date,Branch,CustomerType,Gender,ProductLine,UnitPrice,Quantity,TaxPrice,TotalPrice,Revenue,COGS,CustomerRating,GrossIncome
CAR-CLO-001,3/10/2019,Carbon Creek,Normal,Female,Clothing,87.67,2,8.77,184.11,175.34,170.12,7.7,5.22
CAR-CLO-002,1/12/2019,Carbon Creek,Member,Female,Clothing,20.01,9,9,189.09,180.09,174.55,5.7,5.54
CAR-CLO-003,2/10/2019,Carbon Creek,Member,Female,Clothing,30.14,10,15.07,316.47,301.4,284.76,9.2,16.64
CAR-CLO-004,1/29/2019,Carbon Creek,Normal,Male,Clothing,83.24,9,37.46,786.62,749.16,709.6,7.4,39.56
CAR-CLO-005,2/8/2019,Carbon Creek,Normal,Male,Clothing,98.98,10,49.49,1039.29,989.8,955.9,8.7,33.9
CAR-CLO-006,1/11/2019,Carbon Creek,Normal,Male,Clothing,89.69,1,4.48,94.17,89.69,87.36,4.9,2.33
CAR-CLO-007,1/23/2019,Carbon Creek,Member,Male,Clothing,17.94,5,4.49,94.19,89.7,85.88,6.8,3.82
CAR-CLO-008,3/5/2019,Carbon Creek,Normal,Female,Clothing,81.91,2,8.19,172.01,163.82,156.37,7.8,7.45
CAR-CLO-009,3/8/2019,Carbon Creek,Normal,Female,Clothing,61.77,5,15.44,324.29,308.85,292.8,6.7,16.05
CAR-CLO-010,2/3/2019,Carbon Creek,Normal,Male,Clothing,77.02,5,19.26,404.36,385.1,377.39,5.5,7.71
CAR-CLO-011,3/19/2019,Carbon Creek,Normal,Male,Clothing,76.4,9,34.38,721.98,687.6,671.17,7.5,16.43
CAR-CLO-012,2/27/2019,Carbon Creek,Normal,Female,Clothing,77.93,9,35.07,736.44,701.37,674.23,7.6,27.14
CAR-CLO-013,1/14/2019,Carbon Creek,Member,Female,Clothing,96.7,5,24.18,507.68,483.5,468.58,7,14.92
CAR-CLO-014,2/2/2019,Carbon Creek,Member,Male,Clothing,43.13,10,21.57,452.87,431.3,419.05,5.5,12.25
CAR-CLO-015,3/23/2019,Carbon Creek,Normal,Male,Clothing,37.15,4,7.43,156.03,148.6,143.07,8.3,5.53
CAR-CLO-016,3/15/2019,Carbon Creek,Member,Female,Clothing,19.66,10,9.83,206.43,196.6,186.24,7.2,10.36
CAR-CLO-017,1/27/2019,Carbon Creek,Normal,Female,Clothing,54.28,7,19,398.96,379.96,371.43,9.3,8.53
CAR-CLO-018,1/24/2019,Carbon Creek,Member,Male,Clothing,86.68,8,34.67,728.11,693.44,666.82,7.2,26.62
CAR-CLO-019,2/25/2019,Carbon Creek,Normal,Female,Clothing,73.05,4,14.61,306.81,292.2,286.11,4.9,6.09
CAR-CLO-020,1/12/2019,Carbon Creek,Normal,Female,Clothing,29.42,10,14.71,308.91,294.2,277.97,8.9,16.23
CAR-CLO-021,1/1/2019,Carbon Creek,Normal,Female,Clothing,65.74,9,29.58,621.24,591.66,577.55,7.7,14.11
CAR-CLO-022,2/10/2019,Carbon Creek,Member,Female,Clothing,53.65,7,18.78,394.33,375.55,367.42,5.2,8.13
CAR-CLO-023,1/23/2019,Carbon Creek,Normal,Male,Clothing,30.61,1,1.53,32.14,30.61,29.72,5.2,0.89
CAR-CLO-024,1/26/2019,Carbon Creek,Normal,Female,Clothing,12.09,1,0.6,12.69,12.09,11.44,8.2,0.65
CAR-CLO-025,1/18/2019,Carbon Creek,Member,Female,Clothing,88.15,3,13.22,277.67,264.45,250.19,7.9,14.26
CAR-CLO-026,2/26/2019,Carbon Creek,Member,Male,Clothing,55.45,1,2.77,58.22,55.45,53.39,4.9,2.06
CAR-CLO-027,2/4/2019,Carbon Creek,Normal,Female,Clothing,48.63,4,9.73,204.25,194.52,186.15,7.6,8.37
CAR-CLO-028,1/14/2019,Carbon Creek,Member,Male,Clothing,56.04,10,28.02,588.42,560.4,539.55,4.4,20.85
CAR-CLO-029,2/27/2019,Carbon Creek,Member,Male,Clothing,21.48,2,2.15,45.11,42.96,40.77,6.6,2.19
CAR-CLO-030,3/28/2019,Carbon Creek,Member,Female,Clothing,71.46,7,25.01,525.23,500.22,475.76,4.5,24.46
CAR-CLO-031,2/17/2019,Carbon Creek,Normal,Male,Clothing,45.38,3,6.81,142.95,136.14,129.19,7.2,6.95
CAR-CLO-032,3/1/2019,Carbon Creek,Member,Female,Clothing,22.32,4,4.46,93.74,89.28,85.38,4.4,3.9
CAR-CLO-033,2/8/2019,Carbon Creek,Member,Male,Clothing,19.7,1,0.99,20.69,19.7,18.91,9.5,0.79
CAR-CLO-034,3/9/2019,Carbon Creek,Normal,Female,Clothing,97.29,8,38.92,817.24,778.32,751.32,6.2,27
CAR-CLO-035,1/20/2019,Carbon Creek,Member,Female,Clothing,63.88,8,25.55,536.59,511.04,494.65,9.9,16.39
CAR-CLO-036,2/5/2019,Carbon Creek,Member,Female,Clothing,30.62,1,1.53,32.15,30.62,29.05,4.1,1.57
CAR-CLO-037,3/3/2019,Carbon Creek,Normal,Male,Clothing,46.41,1,2.32,48.73,46.41,44.83,4,1.58
CAR-CLO-038,3/4/2019,Carbon Creek,Member,Female,Clothing,48.96,9,22.03,462.67,440.64,423.18,8,17.46
CAR-CLO-039,3/26/2019,Carbon Creek,Member,Male,Clothing,41.28,3,6.19,130.03,123.84,119.34,8.5,4.5
CAR-CLO-040,3/26/2019,Carbon Creek,Normal,Male,Clothing,52.38,1,2.62,55,52.38,50.56,5.8,1.82
CAR-CLO-041,1/9/2019,Carbon Creek,Member,Male,Clothing,38.54,5,9.64,202.34,192.7,188.03,5.6,4.67
CAR-CLO-042,2/15/2019,Carbon Creek,Normal,Male,Clothing,51.94,3,7.79,163.61,155.82,151.79,7.9,4.03
CAR-CLO-043,1/26/2019,Carbon Creek,Normal,Male,Clothing,21.32,1,1.07,22.39,21.32,20.57,5.9,0.75
CAR-CLO-044,1/19/2019,Carbon Creek,Normal,Female,Clothing,99.1,6,29.73,624.33,594.6,571.03,4.2,23.57
CAR-CLO-045,1/25/2019,Carbon Creek,Normal,Male,Clothing,74.1,1,3.71,77.81,74.1,71.47,9.2,2.63
CAR-CLO-046,2/19/2019,Carbon Creek,Normal,Female,Clothing,98.48,2,9.85,206.81,196.96,187.28,9.2,9.68
CAR-CLO-047,1/31/2019,Carbon Creek,Member,Male,Clothing,51.34,8,20.54,431.26,410.72,391.43,7.6,19.29
CAR-CLO-048,3/11/2019,Carbon Creek,Normal,Female,Clothing,94.67,4,18.93,397.61,378.68,362.72,6.8,15.96
CAR-CLO-049,1/6/2019,Carbon Creek,Normal,Female,Clothing,42.57,7,14.9,312.89,297.99,286.23,6.8,11.76
CAR-CLO-050,3/19/2019,Carbon Creek,Normal,Female,Clothing,15.5,1,0.78,16.28,15.5,15.09,7.4,0.41
CAR-CLO-051,2/18/2019,Carbon Creek,Member,Female,Clothing,88.34,7,30.92,649.3,618.38,594.5,6.6,23.88
CAR-ELE-001,2/25/2019,Carbon Creek,Member,Female,Electronics,68.84,6,20.65,433.69,413.04,395.42,5.8,17.62
CAR-ELE-002,2/12/2019,Carbon Creek,Normal,Female,Electronics,46.95,5,11.74,246.49,234.75,225.46,7.1,9.29
CAR-ELE-003,2/17/2019,Carbon Creek,Normal,Male,Electronics,34.56,5,8.64,181.44,172.8,167.57,9.9,5.23
CAR-ELE-004,1/15/2019,Carbon Creek,Normal,Female,Electronics,60.88,9,27.4,575.32,547.92,528.02,4.7,19.9
CAR-ELE-005,3/8/2019,Carbon Creek,Normal,Male,Electronics,97.16,1,4.86,102.02,97.16,92.68,7.2,4.48
CAR-ELE-006,1/12/2019,Carbon Creek,Member,Male,Electronics,88.67,10,44.34,931.04,886.7,847.41,7.3,39.29
CAR-ELE-007,2/14/2019,Carbon Creek,Normal,Female,Electronics,99.56,8,39.82,836.3,796.48,777.04,5.2,19.44
CAR-ELE-008,1/18/2019,Carbon Creek,Normal,Female,Electronics,26.31,5,6.58,138.13,131.55,128.38,8.8,3.17
CAR-ELE-009,3/19/2019,Carbon Creek,Normal,Male,Electronics,32.71,5,8.18,171.73,163.55,159.26,9.9,4.29
CAR-ELE-010,1/25/2019,Carbon Creek,Normal,Male,Electronics,26.23,9,11.8,247.87,236.07,226.32,5.9,9.75
CAR-ELE-011,2/21/2019,Carbon Creek,Member,Female,Electronics,94.64,3,14.2,298.12,283.92,269.76,5.5,14.16
CAR-ELE-012,1/7/2019,Carbon Creek,Member,Male,Electronics,77.72,4,15.54,326.42,310.88,296.12,8.8,14.76
CAR-ELE-013,1/31/2019,Carbon Creek,Member,Male,Electronics,66.35,1,3.32,69.67,66.35,64.76,9.7,1.59
CAR-ELE-014,2/13/2019,Carbon Creek,Member,Male,Electronics,32.25,4,6.45,135.45,129,122.95,6.5,6.05
CAR-ELE-015,3/19/2019,Carbon Creek,Normal,Female,Electronics,75.06,9,33.78,709.32,675.54,642.37,6.2,33.17
CAR-ELE-016,2/18/2019,Carbon Creek,Member,Female,Electronics,62.48,1,3.12,65.6,62.48,60.43,4.7,2.05
CAR-ELE-017,3/18/2019,Carbon Creek,Normal,Female,Electronics,51.19,4,10.24,215,204.76,196.56,4.7,8.2
CAR-ELE-018,3/26/2019,Carbon Creek,Member,Male,Electronics,72.2,7,25.27,530.67,505.4,489.28,4.3,16.12
CAR-ELE-019,3/21/2019,Carbon Creek,Member,Female,Electronics,26.48,3,3.97,83.41,79.44,77.62,4.7,1.82
CAR-ELE-020,3/25/2019,Carbon Creek,Member,Male,Electronics,36.36,4,7.27,152.71,145.44,141.32,7.6,4.12
CAR-ELE-021,3/21/2019,Carbon Creek,Member,Female,Electronics,28.45,5,7.11,149.36,142.25,136.99,9.1,5.26
CAR-ELE-022,2/4/2019,Carbon Creek,Member,Male,Electronics,71.95,1,3.6,75.55,71.95,68.08,7.3,3.87
CAR-ELE-023,3/28/2019,Carbon Creek,Normal,Male,Electronics,26.02,7,9.11,191.25,182.14,174.5,5.1,7.64
CAR-ELE-024,1/26/2019,Carbon Creek,Normal,Male,Electronics,51.69,7,18.09,379.92,361.83,344.34,5.5,17.49
CAR-ELE-025,3/6/2019,Carbon Creek,Member,Male,Electronics,21.5,9,9.68,203.18,193.5,188.81,7.8,4.69
CAR-ELE-026,2/13/2019,Carbon Creek,Member,Male,Electronics,76.82,1,3.84,80.66,76.82,73.5,7.2,3.32
CAR-ELE-027,2/4/2019,Carbon Creek,Member,Female,Electronics,25.22,7,8.83,185.37,176.54,168.62,8.2,7.92
CAR-ELE-028,1/13/2019,Carbon Creek,Normal,Female,Electronics,23.46,6,7.04,147.8,140.76,136.72,6.4,4.04
CAR-ELE-029,1/31/2019,Carbon Creek,Member,Male,Electronics,20.77,4,4.15,87.23,83.08,78.74,4.7,4.34
CAR-ELE-030,3/30/2019,Carbon Creek,Member,Female,Electronics,64.44,5,16.11,338.31,322.2,306.2,6.6,16
CAR-ELE-031,1/29/2019,Carbon Creek,Normal,Male,Electronics,38.6,1,1.93,40.53,38.6,37.01,6.7,1.59
CAR-ELE-032,1/28/2019,Carbon Creek,Member,Male,Electronics,24.18,8,9.67,203.11,193.44,184.36,9.8,9.08
CAR-ELE-033,3/14/2019,Carbon Creek,Normal,Male,Electronics,99.55,7,34.84,731.69,696.85,661.22,7.6,35.63
CAR-ELE-034,1/23/2019,Carbon Creek,Normal,Female,Electronics,66.06,6,19.82,416.18,396.36,374.6,7.3,21.76
CAR-ELE-035,3/25/2019,Carbon Creek,Member,Male,Electronics,19.32,7,6.76,142,135.24,129.09,6.9,6.15
CAR-ELE-036,3/20/2019,Carbon Creek,Member,Male,Electronics,74.51,6,22.35,469.41,447.06,433.7,5,13.36
CAR-ELE-037,2/7/2019,Carbon Creek,Normal,Female,Electronics,28.96,1,1.45,30.41,28.96,28.24,6.2,0.72
CAR-ELE-038,3/5/2019,Carbon Creek,Normal,Male,Electronics,78.31,3,11.75,246.68,234.93,226.26,5.4,8.67
CAR-ELE-039,3/14/2019,Carbon Creek,Normal,Female,Electronics,15.69,3,2.35,49.42,47.07,44.46,5.8,2.61
CAR-ELE-040,3/1/2019,Carbon Creek,Normal,Female,Electronics,45.48,10,22.74,477.54,454.8,429.22,4.8,25.58
CAR-ELE-041,2/19/2019,Carbon Creek,Member,Male,Electronics,69.58,9,31.31,657.53,626.22,598.9,7.8,27.32
CAR-ELE-042,1/19/2019,Carbon Creek,Member,Male,Electronics,11.94,3,1.79,37.61,35.82,34.75,8.1,1.07
CAR-ELE-043,2/22/2019,Carbon Creek,Member,Female,Electronics,17.42,10,8.71,182.91,174.2,170.62,7,3.58
CAR-ELE-044,2/4/2019,Carbon Creek,Normal,Male,Electronics,74.58,7,26.1,548.16,522.06,499.56,9,22.5
CAR-ELE-045,2/27/2019,Carbon Creek,Member,Male,Electronics,92.6,7,32.41,680.61,648.2,632.92,9.3,15.28
CAR-ELE-046,2/26/2019,Carbon Creek,Normal,Female,Electronics,46.61,2,4.66,97.88,93.22,88.36,6.6,4.86
CAR-ELE-047,1/8/2019,Carbon Creek,Normal,Female,Electronics,50.23,4,10.05,210.97,200.92,194.84,9,6.08
CAR-ELE-048,2/24/2019,Carbon Creek,Normal,Female,Electronics,40.26,10,20.13,422.73,402.6,392.41,5,10.19
CAR-ELE-049,3/22/2019,Carbon Creek,Normal,Male,Electronics,95.15,1,4.76,99.91,95.15,91.18,6,3.97
CAR-ELE-050,1/24/2019,Carbon Creek,Member,Female,Electronics,48.62,8,19.45,408.41,388.96,370.3,5,18.66
CAR-ELE-051,1/1/2019,Carbon Creek,Member,Female,Electronics,74.22,10,37.11,779.31,742.2,713.95,4.3,28.25
CAR-ELE-052,1/24/2019,Carbon Creek,Normal,Male,Electronics,10.56,8,4.22,88.7,84.48,79.96,7.6,4.52
CAR-ELE-053,1/30/2019,Carbon Creek,Member,Male,Electronics,93.78,3,14.07,295.41,281.34,273.52,5.9,7.82
CAR-ELE-054,1/27/2019,Carbon Creek,Member,Male,Electronics,73.26,1,3.66,76.92,73.26,69.44,9.7,3.82
CAR-ELE-055,1/8/2019,Carbon Creek,Member,Female,Electronics,79.59,3,11.94,250.71,238.77,231.03,6.6,7.74
CAR-ELE-056,3/21/2019,Carbon Creek,Normal,Female,Electronics,90.02,8,36.01,756.17,720.16,680.66,4.5,39.5
CAR-ELE-057,3/23/2019,Carbon Creek,Member,Female,Electronics,73.47,10,36.74,771.44,734.7,698.66,9.5,36.04
CAR-ELE-058,1/5/2019,Carbon Creek,Normal,Female,Electronics,93.88,7,32.86,690.02,657.16,631.13,7.3,26.03
CAR-ELE-059,2/5/2019,Carbon Creek,Member,Male,Electronics,20.89,2,2.09,43.87,41.78,39.78,9.8,2
CAR-ELE-060,3/10/2019,Carbon Creek,Normal,Male,Electronics,58.03,2,5.8,121.86,116.06,111.74,8.8,4.32
CAR-FBV-001,2/7/2019,Carbon Creek,Normal,Male,Food and beverages,43.19,10,21.6,453.5,431.9,420.76,8.2,11.14
CAR-FBV-002,1/21/2019,Carbon Creek,Normal,Male,Food and beverages,54.67,3,8.2,172.21,164.01,158.23,8.6,5.78
CAR-FBV-003,2/10/2019,Carbon Creek,Member,Female,Food and beverages,44.59,5,11.15,234.1,222.95,211.81,8.5,11.14
CAR-FBV-004,3/27/2019,Carbon Creek,Member,Male,Food and beverages,49.38,7,17.28,362.94,345.66,326.53,7.3,19.13
CAR-FBV-005,3/23/2019,Carbon Creek,Normal,Male,Food and beverages,52.75,3,7.91,166.16,158.25,152.99,9.3,5.26
CAR-FBV-006,3/28/2019,Carbon Creek,Normal,Male,Food and beverages,58.26,6,17.48,367.04,349.56,336.31,9.9,13.25
CAR-FBV-007,2/2/2019,Carbon Creek,Normal,Female,Food and beverages,10.96,10,5.48,115.08,109.6,107.06,6,2.54
CAR-FBV-008,2/20/2019,Carbon Creek,Member,Male,Food and beverages,92.29,5,23.07,484.52,461.45,445.41,9,16.04
CAR-FBV-009,3/13/2019,Carbon Creek,Normal,Male,Food and beverages,45.79,7,16.03,336.56,320.53,303.78,7,16.75
CAR-FBV-010,1/19/2019,Carbon Creek,Normal,Male,Food and beverages,51.28,6,15.38,323.06,307.68,291.52,6.5,16.16
CAR-FBV-011,3/3/2019,Carbon Creek,Member,Male,Food and beverages,22.17,8,8.87,186.23,177.36,169.38,9.6,7.98
CAR-FBV-012,3/23/2019,Carbon Creek,Normal,Male,Food and beverages,73.88,6,22.16,465.44,443.28,433.78,4.4,9.5
CAR-FBV-013,3/20/2019,Carbon Creek,Normal,Male,Food and beverages,43.25,2,4.33,90.83,86.5,83.86,6.2,2.64
CAR-FBV-014,1/11/2019,Carbon Creek,Normal,Male,Food and beverages,24.94,9,11.22,235.68,224.46,217.48,5.6,6.98
CAR-FBV-015,1/21/2019,Carbon Creek,Member,Female,Food and beverages,36.36,2,3.64,76.36,72.72,70.26,7.1,2.46
CAR-FBV-016,2/1/2019,Carbon Creek,Member,Female,Food and beverages,14.23,5,3.56,74.71,71.15,67.23,4.4,3.92
CAR-FBV-017,3/9/2019,Carbon Creek,Member,Male,Food and beverages,99.78,5,24.95,523.85,498.9,474.34,5.4,24.56
CAR-FBV-018,2/17/2019,Carbon Creek,Normal,Male,Food and beverages,32.9,3,4.94,103.64,98.7,95.96,9.1,2.74
CAR-FBV-019,3/14/2019,Carbon Creek,Member,Male,Food and beverages,23.48,2,2.35,49.31,46.96,45.36,7.9,1.6
CAR-FBV-020,2/17/2019,Carbon Creek,Member,Male,Food and beverages,80.96,8,32.38,680.06,647.68,612.11,7.4,35.57
CAR-FBV-021,1/6/2019,Carbon Creek,Normal,Female,Food and beverages,40.94,5,10.24,214.94,204.7,196.21,9.9,8.49
CAR-FBV-022,3/13/2019,Carbon Creek,Normal,Female,Food and beverages,54.27,5,13.57,284.92,271.35,257.8,4.6,13.55
CAR-FBV-023,1/11/2019,Carbon Creek,Normal,Male,Food and beverages,13.79,5,3.45,72.4,68.95,65.05,7.8,3.9
CAR-FBV-024,3/16/2019,Carbon Creek,Normal,Female,Food and beverages,63.61,5,15.9,333.95,318.05,302.89,4.8,15.16
CAR-FBV-025,3/28/2019,Carbon Creek,Member,Male,Food and beverages,51.34,5,12.84,269.54,256.7,243.84,9.1,12.86
CAR-FBV-026,1/27/2019,Carbon Creek,Normal,Male,Food and beverages,81.71,6,24.51,514.77,490.26,463.15,8,27.11
CAR-FBV-027,1/2/2019,Carbon Creek,Member,Male,Food and beverages,41.66,6,12.5,262.46,249.96,240.97,5.6,8.99
CAR-FBV-028,1/17/2019,Carbon Creek,Normal,Female,Food and beverages,81.21,10,40.61,852.71,812.1,782.54,6.3,29.56
CAR-FBV-029,3/10/2019,Carbon Creek,Member,Male,Food and beverages,10.13,7,3.55,74.46,70.91,69.15,8.3,1.76
CAR-FBV-030,3/27/2019,Carbon Creek,Normal,Female,Food and beverages,52.34,3,7.85,164.87,157.02,152.85,9.2,4.17
CAR-FBV-031,2/15/2019,Carbon Creek,Normal,Male,Food and beverages,52.2,3,7.83,164.43,156.6,152.47,9.5,4.13
CAR-FBV-032,2/3/2019,Carbon Creek,Member,Male,Food and beverages,67.45,10,33.73,708.23,674.5,638.55,4.2,35.95
CAR-FBV-033,1/23/2019,Carbon Creek,Member,Male,Food and beverages,98.53,6,29.56,620.74,591.18,567.19,4,23.99
CAR-FBV-034,3/28/2019,Carbon Creek,Normal,Female,Food and beverages,71.68,3,10.75,225.79,215.04,204.28,9.2,10.76
CAR-FBV-035,3/20/2019,Carbon Creek,Member,Female,Food and beverages,91.61,1,4.58,96.19,91.61,86.54,9.8,5.07
CAR-FBV-036,1/15/2019,Carbon Creek,Member,Male,Food and beverages,83.77,2,8.38,175.92,167.54,159.72,7,7.82
CAR-FBV-037,2/23/2019,Carbon Creek,Member,Female,Food and beverages,73.47,4,14.69,308.57,293.88,285.44,6,8.44
CAR-FBV-038,1/11/2019,Carbon Creek,Member,Male,Food and beverages,48.5,6,14.55,305.55,291,282.94,9.4,8.06
CAR-FBV-039,2/15/2019,Carbon Creek,Normal,Female,Food and beverages,67.1,3,10.07,211.37,201.3,193.81,7.5,7.49
CAR-FBV-040,2/28/2019,Carbon Creek,Member,Male,Food and beverages,80.62,6,24.19,507.91,483.72,461.07,9.1,22.65
CAR-FBV-041,2/3/2019,Carbon Creek,Normal,Female,Food and beverages,27.28,5,6.82,143.22,136.4,129.17,8.6,7.23
CAR-FBV-042,2/27/2019,Carbon Creek,Member,Male,Food and beverages,18.85,10,9.43,197.93,188.5,179.06,5.6,9.44
CAR-FBV-043,3/25/2019,Carbon Creek,Normal,Female,Food and beverages,55.39,4,11.08,232.64,221.56,215.42,8,6.14
CAR-FBV-044,1/19/2019,Carbon Creek,Normal,Male,Food and beverages,33.88,8,13.55,284.59,271.04,262.59,9.6,8.45
CAR-FBV-045,1/23/2019,Carbon Creek,Member,Female,Food and beverages,47.63,9,21.43,450.1,428.67,420.26,5,8.41
CAR-FBV-046,2/16/2019,Carbon Creek,Member,Male,Food and beverages,24.82,7,8.69,182.43,173.74,165.63,7.1,8.11
CAR-FBV-047,3/19/2019,Carbon Creek,Member,Female,Food and beverages,83.34,2,8.33,175.01,166.68,157.28,7.6,9.4
CAR-FBV-048,2/5/2019,Carbon Creek,Member,Male,Food and beverages,87.9,1,4.4,92.3,87.9,83.34,6.7,4.56
CAR-FBV-049,2/9/2019,Carbon Creek,Member,Male,Food and beverages,35.04,9,15.77,331.13,315.36,299.51,4.6,15.85
CAR-FBV-050,1/28/2019,Carbon Creek,Normal,Male,Food and beverages,11.53,7,4.04,84.75,80.71,77.68,8.1,3.03
CAR-FBV-051,3/27/2019,Carbon Creek,Member,Female,Food and beverages,79.54,2,7.95,167.03,159.08,153.31,6.2,5.77
CAR-FBV-052,2/25/2019,Carbon Creek,Member,Female,Food and beverages,99.6,3,14.94,313.74,298.8,288.24,5.8,10.56
CAR-FBV-053,2/27/2019,Carbon Creek,Normal,Female,Food and beverages,74.44,10,37.22,781.62,744.4,729.03,5.1,15.37
CAR-FBV-054,3/2/2019,Carbon Creek,Normal,Male,Food and beverages,66.52,4,13.3,279.38,266.08,256.98,6.9,9.1
CAR-FBV-055,2/19/2019,Carbon Creek,Member,Female,Food and beverages,98.66,9,44.4,932.34,887.94,852.84,8.4,35.1
CAR-FBV-056,3/4/2019,Carbon Creek,Normal,Female,Food and beverages,74.66,4,14.93,313.57,298.64,289.23,8.5,9.41
CAR-FBV-057,3/22/2019,Carbon Creek,Normal,Female,Food and beverages,56.56,5,14.14,296.94,282.8,270.72,4.5,12.08
CAR-FBV-058,2/9/2019,Carbon Creek,Member,Male,Food and beverages,31.84,1,1.59,33.43,31.84,30.39,7.7,1.45
CAR-HBE-001,1/5/2019,Carbon Creek,Member,Female,Health and beauty,74.69,7,26.14,548.97,522.83,500.24,9.1,22.59
CAR-HBE-002,1/27/2019,Carbon Creek,Member,Male,Health and beauty,58.22,8,23.29,489.05,465.76,430.98,8.4,34.78
CAR-HBE-003,1/10/2019,Carbon Creek,Member,Female,Health and beauty,36.26,2,3.63,76.15,72.52,69.8,7.2,2.72
CAR-HBE-004,3/29/2019,Carbon Creek,Normal,Female,Health and beauty,71.38,10,35.69,749.49,713.8,675.18,5.7,38.62
CAR-HBE-005,3/11/2019,Carbon Creek,Member,Female,Health and beauty,68.93,7,24.13,506.64,482.51,463.19,4.6,19.32
CAR-HBE-006,3/15/2019,Carbon Creek,Normal,Male,Health and beauty,24.89,9,11.2,235.21,224.01,217.1,7.4,6.91
CAR-HBE-007,3/15/2019,Carbon Creek,Normal,Male,Health and beauty,96.58,2,9.66,202.82,193.16,188.31,5.1,4.85
CAR-HBE-008,2/7/2019,Carbon Creek,Normal,Male,Health and beauty,89.6,8,35.84,752.64,716.8,677.16,6.6,39.64
CAR-HBE-009,3/13/2019,Carbon Creek,Member,Male,Health and beauty,15.87,10,7.94,166.64,158.7,155.48,5.8,3.22
CAR-HBE-010,2/2/2019,Carbon Creek,Member,Female,Health and beauty,18.33,1,0.92,19.25,18.33,17.31,4.3,1.02
CAR-HBE-011,3/27/2019,Carbon Creek,Normal,Male,Health and beauty,32.46,8,12.98,272.66,259.68,251.97,4.9,7.71
CAR-HBE-012,1/3/2019,Carbon Creek,Normal,Male,Health and beauty,70.01,5,17.5,367.55,350.05,331.46,5.5,18.59
CAR-HBE-013,1/3/2019,Carbon Creek,Normal,Female,Health and beauty,23.03,9,10.36,217.63,207.27,198.64,7.9,8.63
CAR-HBE-014,3/9/2019,Carbon Creek,Member,Male,Health and beauty,51.94,10,25.97,545.37,519.4,508.64,6.5,10.76
CAR-HBE-015,3/11/2019,Carbon Creek,Normal,Male,Health and beauty,59.77,2,5.98,125.52,119.54,115.72,5.8,3.82
CAR-HBE-016,3/4/2019,Carbon Creek,Member,Male,Health and beauty,99.83,6,29.95,628.93,598.98,578.22,8.5,20.76
CAR-HBE-017,3/12/2019,Carbon Creek,Member,Female,Health and beauty,47.67,4,9.53,200.21,190.68,186.9,9.1,3.78
CAR-HBE-018,3/7/2019,Carbon Creek,Member,Female,Health and beauty,15.55,9,7,146.95,139.95,136.01,5,3.94
CAR-HBE-019,2/15/2019,Carbon Creek,Normal,Male,Health and beauty,15.26,6,4.58,96.14,91.56,87.56,9.8,4
CAR-HBE-020,2/20/2019,Carbon Creek,Normal,Female,Health and beauty,32.32,10,16.16,339.36,323.2,306.21,10,16.99
CAR-HBE-021,3/6/2019,Carbon Creek,Normal,Female,Health and beauty,79.74,1,3.99,83.73,79.74,76.28,7.3,3.46
CAR-HBE-022,1/24/2019,Carbon Creek,Normal,Female,Health and beauty,77.5,5,19.38,406.88,387.5,366.66,4.3,20.84
CAR-HBE-023,1/4/2019,Carbon Creek,Member,Male,Health and beauty,20.97,5,5.24,110.09,104.85,100.33,7.8,4.52
CAR-HBE-024,1/21/2019,Carbon Creek,Member,Male,Health and beauty,53.17,7,18.61,390.8,372.19,356.76,8.9,15.43
CAR-HBE-025,3/3/2019,Carbon Creek,Normal,Male,Health and beauty,25,1,1.25,26.25,25,24.07,5.5,0.93
CAR-HBE-026,2/25/2019,Carbon Creek,Normal,Male,Health and beauty,65.18,3,9.78,205.32,195.54,189.21,6.3,6.33
CAR-HBE-027,2/12/2019,Carbon Creek,Normal,Male,Health and beauty,25.43,6,7.63,160.21,152.58,147.25,7,5.33
CAR-HBE-028,3/26/2019,Carbon Creek,Normal,Female,Health and beauty,64.27,4,12.85,269.93,257.08,249.45,7.7,7.63
CAR-HBE-029,2/1/2019,Carbon Creek,Member,Female,Health and beauty,77.68,4,15.54,326.26,310.72,296.85,8.4,13.87
CAR-HBE-030,3/9/2019,Carbon Creek,Normal,Male,Health and beauty,51.71,4,10.34,217.18,206.84,195.25,9.8,11.59
CAR-HBE-031,3/4/2019,Carbon Creek,Normal,Male,Health and beauty,14.62,5,3.66,76.76,73.1,69.35,4.4,3.75
CAR-HBE-032,3/3/2019,Carbon Creek,Normal,Male,Health and beauty,28.95,7,10.13,212.78,202.65,193.85,6,8.8
CAR-HBE-033,3/4/2019,Carbon Creek,Member,Male,Health and beauty,48.63,10,24.32,510.62,486.3,467.02,8.8,19.28
CAR-HBE-034,2/6/2019,Carbon Creek,Normal,Female,Health and beauty,35.68,5,8.92,187.32,178.4,170.1,6.6,8.3
CAR-HBE-035,2/28/2019,Carbon Creek,Normal,Male,Health and beauty,56,3,8.4,176.4,168,160.02,4.8,7.98
CAR-HBE-036,3/26/2019,Carbon Creek,Member,Female,Health and beauty,10.69,5,2.67,56.12,53.45,52.28,7.6,1.17
CAR-HBE-037,1/20/2019,Carbon Creek,Member,Male,Health and beauty,55.5,4,11.1,233.1,222,211.22,6.6,10.78
CAR-HBE-038,3/4/2019,Carbon Creek,Normal,Female,Health and beauty,68.71,3,10.31,216.44,206.13,197.12,8.7,9.01
CAR-HBE-039,2/14/2019,Carbon Creek,Member,Male,Health and beauty,91.3,1,4.57,95.87,91.3,88.37,9.2,2.93
CAR-HBE-040,1/23/2019,Carbon Creek,Member,Female,Health and beauty,95.95,5,23.99,503.74,479.75,462.91,8.8,16.84
CAR-HBE-041,3/26/2019,Carbon Creek,Member,Female,Health and beauty,27.73,5,6.93,145.58,138.65,132.7,4.2,5.95
CAR-HBE-042,1/13/2019,Carbon Creek,Member,Female,Health and beauty,39.62,9,17.83,374.41,356.58,345.88,6.8,10.7
CAR-HBE-043,2/17/2019,Carbon Creek,Member,Female,Health and beauty,92.09,3,13.81,290.08,276.27,264.85,4.2,11.42
CAR-HBE-044,2/19/2019,Carbon Creek,Normal,Male,Health and beauty,50.79,5,12.7,266.65,253.95,241.32,5.3,12.63
CAR-HBE-045,3/28/2019,Carbon Creek,Member,Male,Health and beauty,10.08,7,3.53,74.09,70.56,68.38,4.2,2.18
CAR-HBE-046,3/25/2019,Carbon Creek,Normal,Female,Health and beauty,15.8,3,2.37,49.77,47.4,45.28,9.5,2.12
CAR-HBE-047,1/23/2019,Carbon Creek,Normal,Male,Health and beauty,58.15,4,11.63,244.23,232.6,222.68,8.4,9.92
CAR-HML-001,3/3/2019,Carbon Creek,Normal,Male,Home and lifestyle,46.33,7,16.22,340.53,324.31,321.12,7.4,3.19
CAR-HML-002,3/22/2019,Carbon Creek,Member,Female,Home and lifestyle,52.59,8,21.04,441.76,420.72,405.08,8.5,15.64
CAR-HML-003,3/27/2019,Carbon Creek,Member,Male,Home and lifestyle,44.34,2,4.43,93.11,88.68,85.83,5.8,2.85
CAR-HML-004,1/22/2019,Carbon Creek,Normal,Male,Home and lifestyle,74.67,9,33.6,705.63,672.03,642.54,9.4,29.49
CAR-HML-005,1/19/2019,Carbon Creek,Member,Male,Home and lifestyle,58.07,9,26.13,548.76,522.63,503.04,4.3,19.59
CAR-HML-006,3/10/2019,Carbon Creek,Normal,Female,Home and lifestyle,93.69,7,32.79,688.62,655.83,624.9,4.5,30.93
CAR-HML-007,2/18/2019,Carbon Creek,Member,Female,Home and lifestyle,34.42,6,10.33,216.85,206.52,196.58,9.8,9.94
CAR-HML-008,1/21/2019,Carbon Creek,Normal,Female,Home and lifestyle,77.95,6,23.39,491.09,467.7,447.29,8,20.41
CAR-HML-009,3/21/2019,Carbon Creek,Member,Male,Home and lifestyle,33.84,9,15.23,319.79,304.56,289.3,8.8,15.26
CAR-HML-010,2/10/2019,Carbon Creek,Normal,Male,Home and lifestyle,74.07,1,3.7,77.77,74.07,71.53,9.9,2.54
CAR-HML-011,3/23/2019,Carbon Creek,Normal,Female,Home and lifestyle,25.29,1,1.26,26.55,25.29,24.12,6.1,1.17
CAR-HML-012,3/22/2019,Carbon Creek,Normal,Male,Home and lifestyle,18.28,1,0.91,19.19,18.28,17.42,8.3,0.86
CAR-HML-013,3/11/2019,Carbon Creek,Normal,Female,Home and lifestyle,63.42,8,25.37,532.73,507.36,485.48,7.4,21.88
CAR-HML-014,1/5/2019,Carbon Creek,Member,Male,Home and lifestyle,62.65,4,12.53,263.13,250.6,243.99,4.2,6.61
CAR-HML-015,1/1/2019,Carbon Creek,Member,Male,Home and lifestyle,47.59,8,19.04,399.76,380.72,361.01,5.7,19.71
CAR-HML-016,3/16/2019,Carbon Creek,Normal,Male,Home and lifestyle,23.75,4,4.75,99.75,95,91.07,5.2,3.93
CAR-HML-017,1/6/2019,Carbon Creek,Member,Male,Home and lifestyle,58.9,8,23.56,494.76,471.2,452.39,8.9,18.81
CAR-HML-018,2/5/2019,Carbon Creek,Member,Male,Home and lifestyle,25.91,6,7.77,163.23,155.46,147.99,8.7,7.47
CAR-HML-019,1/5/2019,Carbon Creek,Member,Male,Home and lifestyle,70.74,4,14.15,297.11,282.96,275.14,4.4,7.82
CAR-HML-020,1/4/2019,Carbon Creek,Member,Female,Home and lifestyle,35.54,10,17.77,373.17,355.4,341.37,7,14.03
CAR-HML-021,1/7/2019,Carbon Creek,Member,Female,Home and lifestyle,21.54,9,9.69,203.55,193.86,183.95,8.8,9.91
CAR-HML-022,1/27/2019,Carbon Creek,Normal,Female,Home and lifestyle,12.03,2,1.2,25.26,24.06,22.8,5.1,1.26
CAR-HML-023,2/15/2019,Carbon Creek,Normal,Female,Home and lifestyle,69.96,8,27.98,587.66,559.68,540.7,6.4,18.98
CAR-HML-024,2/3/2019,Carbon Creek,Member,Female,Home and lifestyle,94.88,7,33.21,697.37,664.16,630.74,4.2,33.42
CAR-HML-025,1/10/2019,Carbon Creek,Member,Male,Home and lifestyle,78.38,6,23.51,493.79,470.28,444.81,5.8,25.47
CAR-HML-026,1/25/2019,Carbon Creek,Member,Male,Home and lifestyle,60.01,4,12,252.04,240.04,226.76,4.5,13.28
CAR-HML-027,2/17/2019,Carbon Creek,Member,Female,Home and lifestyle,88.79,8,35.52,745.84,710.32,681.45,4.1,28.87
CAR-HML-028,1/17/2019,Carbon Creek,Normal,Male,Home and lifestyle,21.52,6,6.46,135.58,129.12,124.65,9.4,4.47
CAR-HML-029,1/21/2019,Carbon Creek,Normal,Male,Home and lifestyle,73.22,6,21.97,461.29,439.32,429.42,7.2,9.9
CAR-HML-030,3/24/2019,Carbon Creek,Member,Male,Home and lifestyle,65.94,4,13.19,276.95,263.76,256.54,6,7.22
CAR-HML-031,1/3/2019,Carbon Creek,Normal,Female,Home and lifestyle,67.09,5,16.77,352.22,335.45,326.29,9.1,9.16
CAR-HML-032,3/4/2019,Carbon Creek,Normal,Female,Home and lifestyle,56.53,4,11.31,237.43,226.12,220.85,5.5,5.27
CAR-HML-033,3/22/2019,Carbon Creek,Normal,Male,Home and lifestyle,50.93,8,20.37,427.81,407.44,392.65,9.2,14.79
CAR-HML-034,3/8/2019,Carbon Creek,Member,Female,Home and lifestyle,90.65,10,45.33,951.83,906.5,869.76,7.3,36.74
CAR-HML-035,3/8/2019,Carbon Creek,Normal,Male,Home and lifestyle,33.99,6,10.2,214.14,203.94,198.08,7.7,5.86
CAR-HML-036,1/15/2019,Carbon Creek,Member,Female,Home and lifestyle,89.21,9,40.14,843.03,802.89,778.28,6.5,24.61
CAR-HML-037,1/5/2019,Carbon Creek,Normal,Female,Home and lifestyle,42.91,5,10.73,225.28,214.55,205.54,6.1,9.01
CAR-HML-038,3/1/2019,Carbon Creek,Normal,Male,Home and lifestyle,34.73,2,3.47,72.93,69.46,66.34,9.7,3.12
CAR-HML-039,2/6/2019,Carbon Creek,Member,Female,Home and lifestyle,37.44,6,11.23,235.87,224.64,219.31,5.9,5.33
CAR-HML-040,3/11/2019,Carbon Creek,Normal,Female,Home and lifestyle,28.32,5,7.08,148.68,141.6,136.01,6.2,5.59
CAR-HML-041,3/7/2019,Carbon Creek,Normal,Male,Home and lifestyle,97.94,1,4.9,102.84,97.94,92.78,6.9,5.16
CAR-HML-042,1/22/2019,Carbon Creek,Normal,Male,Home and lifestyle,30.68,3,4.6,96.64,92.04,88.89,9.1,3.15
CAR-HML-043,3/29/2019,Carbon Creek,Member,Female,Home and lifestyle,72.42,3,10.86,228.12,217.26,209.2,8.2,8.06
CAR-HML-044,3/24/2019,Carbon Creek,Member,Female,Home and lifestyle,70.32,2,7.03,147.67,140.64,137.53,9.6,3.11
CAR-HML-045,1/25/2019,Carbon Creek,Member,Male,Home and lifestyle,53.3,3,8,167.9,159.9,151.75,7.5,8.15
CAR-HML-046,1/18/2019,Carbon Creek,Member,Male,Home and lifestyle,19.36,9,8.71,182.95,174.24,166.89,8.7,7.35
CAR-HML-047,2/3/2019,Carbon Creek,Member,Male,Home and lifestyle,72.78,10,36.39,764.19,727.8,694.22,7.3,33.58
CAR-HML-048,1/16/2019,Carbon Creek,Member,Male,Home and lifestyle,63.56,10,31.78,667.38,635.6,619.36,4.3,16.24
CAR-HML-049,1/29/2019,Carbon Creek,Member,Female,Home and lifestyle,87.37,5,21.84,458.69,436.85,426.7,6.6,10.15
CAR-HML-050,3/20/2019,Carbon Creek,Normal,Male,Home and lifestyle,93.96,9,42.28,887.92,845.64,804.6,9.8,41.04
CAR-HML-051,2/20/2019,Carbon Creek,Member,Male,Home and lifestyle,37.69,2,3.77,79.15,75.38,72.47,9.5,2.91
CAR-HML-052,1/11/2019,Carbon Creek,Normal,Female,Home and lifestyle,96.52,6,28.96,608.08,579.12,564.21,4.5,14.91
CAR-HML-053,1/15/2019,Carbon Creek,Normal,Female,Home and lifestyle,11.43,6,3.43,72.01,68.58,65.03,7.7,3.55
CAR-HML-054,3/17/2019,Carbon Creek,Normal,Female,Home and lifestyle,77.47,4,15.49,325.37,309.88,294.61,4.2,15.27
CAR-HML-055,2/24/2019,Carbon Creek,Member,Female,Home and lifestyle,47.68,2,4.77,100.13,95.36,92.81,4.1,2.55
CAR-HML-056,3/7/2019,Carbon Creek,Member,Female,Home and lifestyle,28.31,4,5.66,118.9,113.24,107.44,8.2,5.8
CAR-HML-057,3/19/2019,Carbon Creek,Member,Male,Home and lifestyle,23.29,4,4.66,97.82,93.16,89.05,5.9,4.11
CAR-HML-058,3/30/2019,Carbon Creek,Member,Female,Home and lifestyle,34.42,6,10.33,216.85,206.52,200.96,7.5,5.56
CAR-HML-059,2/7/2019,Carbon Creek,Normal,Female,Home and lifestyle,93.12,8,37.25,782.21,744.96,707.47,6.8,37.49
CAR-HML-060,1/19/2019,Carbon Creek,Normal,Female,Home and lifestyle,45.68,10,22.84,479.64,456.8,441.92,5.7,14.88
CAR-HML-061,3/4/2019,Carbon Creek,Normal,Female,Home and lifestyle,33.3,9,14.99,314.69,299.7,291.7,7.2,8
CAR-HML-062,1/13/2019,Carbon Creek,Member,Male,Home and lifestyle,81.01,3,12.15,255.18,243.03,238.24,9.3,4.79
CAR-HML-063,2/11/2019,Carbon Creek,Normal,Male,Home and lifestyle,80.08,3,12.01,252.25,240.24,233.04,5.4,7.2
CAR-HML-064,2/22/2019,Carbon Creek,Normal,Male,Home and lifestyle,65.82,1,3.29,69.11,65.82,64.37,4.1,1.45
CAR-STR-001,2/8/2019,Carbon Creek,Normal,Male,Sports and travel,86.31,7,30.21,634.38,604.17,578.9,5.3,25.27
CAR-STR-002,1/1/2019,Carbon Creek,Normal,Male,Sports and travel,72.61,6,21.78,457.44,435.66,423.34,6.9,12.32
CAR-STR-003,3/2/2019,Carbon Creek,Member,Male,Sports and travel,88.63,3,13.29,279.18,265.89,260.36,6,5.53
CAR-STR-004,3/10/2019,Carbon Creek,Member,Male,Sports and travel,62.62,5,15.66,328.76,313.1,295.73,7,17.37
CAR-STR-005,3/6/2019,Carbon Creek,Member,Male,Sports and travel,15.81,10,7.91,166.01,158.1,154.87,8.6,3.23
CAR-STR-006,1/24/2019,Carbon Creek,Normal,Male,Sports and travel,78.77,10,39.39,827.09,787.7,762.98,6.4,24.72
CAR-STR-007,1/2/2019,Carbon Creek,Normal,Male,Sports and travel,42.47,1,2.12,44.59,42.47,41.08,5.7,1.39
CAR-STR-008,1/10/2019,Carbon Creek,Member,Female,Sports and travel,21.98,7,7.69,161.55,153.86,149.21,5.1,4.65
CAR-STR-009,3/22/2019,Carbon Creek,Normal,Male,Sports and travel,62.13,6,18.64,391.42,372.78,362.2,7.4,10.58
CAR-STR-010,1/27/2019,Carbon Creek,Normal,Female,Sports and travel,32.25,5,8.06,169.31,161.25,158.03,9,3.22
CAR-STR-011,3/6/2019,Carbon Creek,Member,Female,Sports and travel,92.13,6,27.64,580.42,552.78,528.41,8.3,24.37
CAR-STR-012,3/16/2019,Carbon Creek,Normal,Male,Sports and travel,72.5,8,29,609,580,555.32,9.2,24.68
CAR-STR-013,2/25/2019,Carbon Creek,Normal,Male,Sports and travel,63.69,1,3.18,66.87,63.69,60.53,6,3.16
CAR-STR-014,2/1/2019,Carbon Creek,Member,Male,Sports and travel,69.52,7,24.33,510.97,486.64,465.9,8.5,20.74
CAR-STR-015,3/23/2019,Carbon Creek,Member,Male,Sports and travel,15.5,10,7.75,162.75,155,146.35,8,8.65
CAR-STR-016,3/4/2019,Carbon Creek,Normal,Female,Sports and travel,12.34,7,4.32,90.7,86.38,83.59,6.7,2.79
CAR-STR-017,1/20/2019,Carbon Creek,Normal,Female,Sports and travel,93.14,2,9.31,195.59,186.28,175.75,4.1,10.53
CAR-STR-018,2/9/2019,Carbon Creek,Member,Female,Sports and travel,22.24,10,11.12,233.52,222.4,217.19,4.2,5.21
CAR-STR-019,3/12/2019,Carbon Creek,Member,Female,Sports and travel,98.4,7,34.44,723.24,688.8,649.94,8.7,38.86
CAR-STR-020,3/20/2019,Carbon Creek,Member,Male,Sports and travel,44.02,10,22.01,462.21,440.2,415.93,9.6,24.27
CAR-STR-021,1/6/2019,Carbon Creek,Normal,Female,Sports and travel,15.34,1,0.77,16.11,15.34,14.57,6.5,0.77
CAR-STR-022,3/30/2019,Carbon Creek,Normal,Female,Sports and travel,40.23,7,14.08,295.69,281.61,269.21,9.6,12.4
CAR-STR-023,2/14/2019,Carbon Creek,Normal,Male,Sports and travel,44.65,3,6.7,140.65,133.95,126.9,6.2,7.05
CAR-STR-024,1/11/2019,Carbon Creek,Member,Male,Sports and travel,82.33,4,16.47,345.79,329.32,322.05,7.5,7.27
CAR-STR-025,3/9/2019,Carbon Creek,Member,Female,Sports and travel,52.26,10,26.13,548.73,522.6,504.46,6.2,18.14
CAR-STR-026,1/19/2019,Carbon Creek,Member,Male,Sports and travel,67.26,4,13.45,282.49,269.04,254.64,8,14.4
CAR-STR-027,3/10/2019,Carbon Creek,Normal,Male,Sports and travel,25.84,3,3.88,81.4,77.52,73.26,6.6,4.26
CAR-STR-028,1/15/2019,Carbon Creek,Normal,Female,Sports and travel,19.1,7,6.69,140.39,133.7,130.08,9.7,3.62
CAR-STR-029,1/25/2019,Carbon Creek,Member,Female,Sports and travel,40.05,4,8.01,168.21,160.2,152.05,9.7,8.15
CAR-STR-030,3/18/2019,Carbon Creek,Normal,Female,Sports and travel,33.26,5,8.32,174.62,166.3,158.42,4.2,7.88
CAR-STR-031,1/8/2019,Carbon Creek,Normal,Male,Sports and travel,37.14,5,9.29,194.99,185.7,181,5,4.7
CAR-STR-032,2/2/2019,Carbon Creek,Member,Female,Sports and travel,51.52,8,20.61,432.77,412.16,400.9,9.6,11.26
CAR-STR-033,2/25/2019,Carbon Creek,Member,Female,Sports and travel,91.41,5,22.85,479.9,457.05,432.1,7.1,24.95
CAR-STR-034,2/17/2019,Carbon Creek,Normal,Male,Sports and travel,98.09,9,44.14,926.95,882.81,840.33,9.3,42.48
CAR-STR-035,1/7/2019,Carbon Creek,Normal,Male,Sports and travel,60.95,9,27.43,575.98,548.55,533.18,6,15.37
CAR-STR-036,3/22/2019,Carbon Creek,Normal,Male,Sports and travel,85.91,5,21.48,451.03,429.55,419.97,8.6,9.58
CAR-STR-037,2/4/2019,Carbon Creek,Normal,Female,Sports and travel,43.06,5,10.77,226.07,215.3,207.53,7.7,7.77
CAR-STR-038,2/7/2019,Carbon Creek,Member,Female,Sports and travel,45.58,1,2.28,47.86,45.58,44.53,9.8,1.05
CAR-STR-039,2/5/2019,Carbon Creek,Member,Female,Sports and travel,75.2,3,11.28,236.88,225.6,214.83,4.8,10.77
CAR-STR-040,3/20/2019,Carbon Creek,Member,Female,Sports and travel,38.72,9,17.42,365.9,348.48,328.81,4.2,19.67
CAR-STR-041,3/9/2019,Carbon Creek,Normal,Male,Sports and travel,60.87,2,6.09,127.83,121.74,117.04,8.7,4.7
CAR-STR-042,1/19/2019,Carbon Creek,Normal,Male,Sports and travel,64.19,10,32.1,674,641.9,628.56,6.7,13.34
CAR-STR-043,1/29/2019,Carbon Creek,Member,Female,Sports and travel,27.93,5,6.98,146.63,139.65,133.27,5.9,6.38
CAR-STR-044,1/1/2019,Carbon Creek,Member,Female,Sports and travel,27.04,4,5.41,113.57,108.16,102.86,6.9,5.3
CAR-STR-045,1/17/2019,Carbon Creek,Normal,Male,Sports and travel,25.7,3,3.86,80.96,77.1,73.5,6.1,3.6
CAR-STR-046,2/12/2019,Carbon Creek,Member,Female,Sports and travel,71.63,2,7.16,150.42,143.26,136.71,8.8,6.55
CAR-STR-047,2/11/2019,Carbon Creek,Normal,Female,Sports and travel,94.76,4,18.95,397.99,379.04,370.14,7.8,8.9
CAR-STR-048,1/17/2019,Carbon Creek,Normal,Male,Sports and travel,58.91,7,20.62,432.99,412.37,403.82,9.7,8.55
CAR-STR-049,2/22/2019,Carbon Creek,Member,Female,Sports and travel,24.49,10,12.25,257.15,244.9,233.9,8.1,11
CAR-STR-050,1/16/2019,Carbon Creek,Normal,Female,Sports and travel,93.18,2,9.32,195.68,186.36,180.75,8.5,5.61
CAR-STR-051,1/29/2019,Carbon Creek,Member,Female,Sports and travel,22.01,4,4.4,92.44,88.04,83.19,6.6,4.85
CAR-STR-052,3/2/2019,Carbon Creek,Member,Female,Sports and travel,39.47,2,3.95,82.89,78.94,77.18,5,1.76
CAR-STR-053,1/8/2019,Carbon Creek,Member,Male,Sports and travel,12.76,2,1.28,26.8,25.52,24.61,7.8,0.91
CAR-STR-054,1/6/2019,Carbon Creek,Normal,Male,Sports and travel,64.59,4,12.92,271.28,258.36,253.01,9.3,5.35
CAR-STR-055,1/18/2019,Carbon Creek,Member,Male,Sports and travel,89.06,6,26.72,561.08,534.36,517,9.9,17.36
CAR-STR-056,1/13/2019,Carbon Creek,Normal,Male,Sports and travel,45.58,7,15.95,335.01,319.06,310.06,5,9
CAR-STR-057,3/17/2019,Carbon Creek,Member,Male,Sports and travel,76.92,10,38.46,807.66,769.2,745.13,5.6,24.07
CAR-STR-058,3/30/2019,Carbon Creek,Normal,Female,Sports and travel,89.48,5,22.37,469.77,447.4,425.98,7.4,21.42
CAR-STR-059,3/14/2019,Carbon Creek,Member,Female,Sports and travel,97.48,9,43.87,921.19,877.32,858.61,7.4,18.71
GRC-CLO-001,2/6/2019,Greene City,Member,Female,Clothing,14.48,4,2.9,60.82,57.92,54.88,4.5,3.04
GRC-CLO-002,2/8/2019,Greene City,Normal,Male,Clothing,33.52,1,1.68,35.2,33.52,32.86,6.7,0.66
GRC-CLO-003,2/25/2019,Greene City,Normal,Male,Clothing,94.13,5,23.53,494.18,470.65,455.83,4.8,14.82
GRC-CLO-004,3/22/2019,Greene City,Member,Female,Clothing,17.87,4,3.57,75.05,71.48,68.47,6.5,3.01
GRC-CLO-005,1/7/2019,Greene City,Member,Female,Clothing,97.61,6,29.28,614.94,585.66,563.98,9.9,21.68
GRC-CLO-006,2/15/2019,Greene City,Normal,Female,Clothing,72.84,7,25.49,535.37,509.88,495.11,8.4,14.77
GRC-CLO-007,3/5/2019,Greene City,Member,Male,Clothing,21.94,5,5.49,115.19,109.7,103.54,5.3,6.16
GRC-CLO-008,1/16/2019,Greene City,Member,Male,Clothing,51.36,1,2.57,53.93,51.36,48.55,5.2,2.81
GRC-CLO-009,3/9/2019,Greene City,Member,Female,Clothing,56.47,8,22.59,474.35,451.76,442.14,7.3,9.62
GRC-CLO-010,1/25/2019,Greene City,Normal,Female,Clothing,39.62,7,13.87,291.21,277.34,265.18,7.5,12.16
GRC-CLO-011,3/23/2019,Greene City,Member,Female,Clothing,91.54,4,18.31,384.47,366.16,345.71,4.8,20.45
GRC-CLO-012,1/15/2019,Greene City,Normal,Female,Clothing,73.52,2,7.35,154.39,147.04,143.21,4.6,3.83
GRC-CLO-013,3/28/2019,Greene City,Normal,Female,Clothing,30.37,3,4.56,95.67,91.11,88.54,5.1,2.57
GRC-CLO-014,2/12/2019,Greene City,Normal,Male,Clothing,94.87,8,37.95,796.91,758.96,740.72,8.7,18.24
GRC-CLO-015,1/26/2019,Greene City,Normal,Female,Clothing,81.37,2,8.14,170.88,162.74,155.2,6.5,7.54
GRC-CLO-016,2/21/2019,Greene City,Member,Male,Clothing,73.82,4,14.76,310.04,295.28,289.11,6.7,6.17
GRC-CLO-017,1/29/2019,Greene City,Member,Male,Clothing,32.62,4,6.52,137,130.48,124.78,9,5.7
GRC-CLO-018,3/13/2019,Greene City,Member,Female,Clothing,38.3,4,7.66,160.86,153.2,146.51,5.7,6.69
GRC-CLO-019,1/7/2019,Greene City,Normal,Male,Clothing,47.97,7,16.79,352.58,335.79,325.09,6.2,10.7
GRC-CLO-020,3/14/2019,Greene City,Member,Female,Clothing,54.73,7,19.16,402.27,383.11,371.03,8.5,12.08
GRC-CLO-021,1/25/2019,Greene City,Normal,Female,Clothing,60.96,2,6.1,128.02,121.92,117.86,4.9,4.06
GRC-CLO-022,1/26/2019,Greene City,Normal,Female,Clothing,37.95,10,18.98,398.48,379.5,371.2,9.7,8.3
GRC-CLO-023,2/22/2019,Greene City,Normal,Female,Clothing,39.75,5,9.94,208.69,198.75,192.99,9.6,5.76
GRC-CLO-024,1/4/2019,Greene City,Member,Female,Clothing,68.71,4,13.74,288.58,274.84,260.86,4.1,13.98
GRC-CLO-025,3/19/2019,Greene City,Member,Male,Clothing,25.42,8,10.17,213.53,203.36,192.44,6.7,10.92
GRC-CLO-026,1/2/2019,Greene City,Member,Male,Clothing,40.61,9,18.27,383.76,365.49,357.52,7,7.97
GRC-CLO-027,1/31/2019,Greene City,Normal,Male,Clothing,69.08,2,6.91,145.07,138.16,132.95,6.9,5.21
GRC-CLO-028,3/9/2019,Greene City,Normal,Male,Clothing,95.54,7,33.44,702.22,668.78,647.17,9.6,21.61
GRC-CLO-029,2/22/2019,Greene City,Normal,Female,Clothing,47.44,1,2.37,49.81,47.44,44.83,6.8,2.61
GRC-CLO-030,2/13/2019,Greene City,Member,Female,Clothing,29.56,5,7.39,155.19,147.8,141.45,6.9,6.35
GRC-CLO-031,2/28/2019,Greene City,Normal,Female,Clothing,41.09,10,20.55,431.45,410.9,390.2,7.3,20.7
GRC-CLO-032,3/13/2019,Greene City,Normal,Female,Clothing,34.7,2,3.47,72.87,69.4,65.63,8.2,3.77
GRC-CLO-033,2/26/2019,Greene City,Normal,Male,Clothing,99.89,2,9.99,209.77,199.78,190.74,7.1,9.04
GRC-CLO-034,1/16/2019,Greene City,Normal,Male,Clothing,39.21,4,7.84,164.68,156.84,153.53,9,3.31
GRC-CLO-035,1/13/2019,Greene City,Member,Male,Clothing,59.86,2,5.99,125.71,119.72,115.79,6.7,3.93
GRC-CLO-036,1/5/2019,Greene City,Member,Female,Clothing,73.96,1,3.7,77.66,73.96,72.5,5,1.46
GRC-CLO-037,2/9/2019,Greene City,Normal,Male,Clothing,57.27,3,8.59,180.4,171.81,167.02,6.5,4.79
GRC-CLO-038,2/22/2019,Greene City,Normal,Female,Clothing,54.31,9,24.44,513.23,488.79,477.43,8.9,11.36
GRC-CLO-039,2/4/2019,Greene City,Member,Female,Clothing,72.04,2,7.2,151.28,144.08,136.94,9.5,7.14
GRC-CLO-040,3/20/2019,Greene City,Normal,Male,Clothing,99.25,2,9.93,208.43,198.5,192.16,9,6.34
GRC-CLO-041,1/10/2019,Greene City,Normal,Female,Clothing,79.86,7,27.95,586.97,559.02,529.35,5.5,29.67
GRC-CLO-042,3/1/2019,Greene City,Member,Male,Clothing,81.31,7,28.46,597.63,569.17,540.67,6.3,28.5
GRC-CLO-043,1/14/2019,Greene City,Member,Female,Clothing,18.08,4,3.62,75.94,72.32,70.66,9.5,1.66
GRC-CLO-044,1/24/2019,Greene City,Member,Male,Clothing,93.22,3,13.98,293.64,279.66,265.13,7.2,14.53
GRC-CLO-045,1/12/2019,Greene City,Normal,Female,Clothing,83.25,10,41.63,874.13,832.5,789.44,4.4,43.06
GRC-CLO-046,2/16/2019,Greene City,Member,Male,Clothing,91.35,1,4.57,95.92,91.35,87.28,6.8,4.07
GRC-CLO-047,2/27/2019,Greene City,Normal,Male,Clothing,52.42,3,7.86,165.12,157.26,150.54,7.5,6.72
GRC-CLO-048,3/20/2019,Greene City,Member,Male,Clothing,33.63,1,1.68,35.31,33.63,31.97,5.6,1.66
GRC-CLO-049,2/16/2019,Greene City,Member,Male,Clothing,60.18,4,12.04,252.76,240.72,227.58,9.4,13.14
GRC-CLO-050,3/24/2019,Greene City,Member,Female,Clothing,58.75,6,17.63,370.13,352.5,337.16,5.9,15.34
GRC-CLO-051,2/24/2019,Greene City,Member,Male,Clothing,83.77,2,8.38,175.92,167.54,160.34,4.6,7.2
GRC-CLO-052,2/27/2019,Greene City,Member,Female,Clothing,19.77,10,9.89,207.59,197.7,192.21,5,5.49
GRC-CLO-053,1/18/2019,Greene City,Member,Female,Clothing,17.48,6,5.24,110.12,104.88,99.3,6.1,5.58
GRC-CLO-054,2/2/2019,Greene City,Normal,Female,Clothing,25.56,7,8.95,187.87,178.92,170.58,7.1,8.34
GRC-CLO-055,1/8/2019,Greene City,Member,Male,Clothing,65.23,10,32.62,684.92,652.3,620.73,5.2,31.57
GRC-CLO-056,3/14/2019,Greene City,Member,Female,Clothing,22.32,4,4.46,93.74,89.28,84.48,4.1,4.8
GRC-CLO-057,3/15/2019,Greene City,Normal,Male,Clothing,27.18,2,2.72,57.08,54.36,51.62,4.3,2.74
GRC-CLO-058,2/16/2019,Greene City,Normal,Female,Clothing,36.51,9,16.43,345.02,328.59,317.71,4.2,10.88
GRC-CLO-059,2/3/2019,Greene City,Member,Male,Clothing,53.78,1,2.69,56.47,53.78,52.04,4.7,1.74
GRC-CLO-060,3/6/2019,Greene City,Member,Male,Clothing,49.92,2,4.99,104.83,99.84,96.48,7,3.36
GRC-CLO-061,2/7/2019,Greene City,Normal,Female,Clothing,63.71,5,15.93,334.48,318.55,303.68,8.5,14.87
GRC-CLO-062,2/22/2019,Greene City,Normal,Male,Clothing,17.49,10,8.75,183.65,174.9,169.02,6.6,5.88
GRC-ELE-001,3/9/2019,Greene City,Member,Male,Electronics,25.51,4,5.1,107.14,102.04,97.07,6.8,4.97
GRC-ELE-002,3/9/2019,Greene City,Member,Female,Electronics,93.96,4,18.79,394.63,375.84,367.9,9.5,7.94
GRC-ELE-003,2/10/2019,Greene City,Member,Male,Electronics,18.93,6,5.68,119.26,113.58,110.24,8.1,3.34
GRC-ELE-004,2/17/2019,Greene City,Member,Male,Electronics,87.45,6,26.24,550.94,524.7,506.51,8.8,18.19
GRC-ELE-005,1/4/2019,Greene City,Member,Male,Electronics,72.17,1,3.61,75.78,72.17,70.13,6.1,2.04
GRC-ELE-006,1/19/2019,Greene City,Member,Male,Electronics,52.89,6,15.87,333.21,317.34,299.77,9.8,17.57
GRC-ELE-007,3/15/2019,Greene City,Member,Female,Electronics,57.49,4,11.5,241.46,229.96,222.84,6.6,7.12
GRC-ELE-008,3/2/2019,Greene City,Normal,Female,Electronics,99.73,9,44.88,942.45,897.57,873.96,6.5,23.61
GRC-ELE-009,1/31/2019,Greene City,Normal,Male,Electronics,45.35,6,13.61,285.71,272.1,259.98,6.1,12.12
GRC-ELE-010,2/26/2019,Greene City,Member,Female,Electronics,90.7,6,27.21,571.41,544.2,523.45,5.3,20.75
GRC-ELE-011,3/12/2019,Greene City,Member,Female,Electronics,10.59,3,1.59,33.36,31.77,30.85,8.7,0.92
GRC-ELE-012,3/2/2019,Greene City,Member,Female,Electronics,13.22,5,3.31,69.41,66.1,63.02,4.3,3.08
GRC-ELE-013,2/9/2019,Greene City,Member,Female,Electronics,81.4,3,12.21,256.41,244.2,236.24,4.8,7.96
GRC-ELE-014,1/24/2019,Greene City,Member,Male,Electronics,40.3,10,20.15,423.15,403,391.72,7,11.28
GRC-ELE-015,2/23/2019,Greene City,Normal,Female,Electronics,14.96,8,5.98,125.66,119.68,113.19,8.6,6.49
GRC-ELE-016,2/10/2019,Greene City,Member,Male,Electronics,48.09,3,7.21,151.48,144.27,140.8,7.8,3.47
GRC-ELE-017,3/1/2019,Greene City,Normal,Male,Electronics,27.5,3,4.13,86.63,82.5,80.43,6.5,2.07
GRC-ELE-018,2/2/2019,Greene City,Member,Female,Electronics,26.26,7,9.19,193.01,183.82,178.18,9.9,5.64
GRC-ELE-019,1/30/2019,Greene City,Normal,Female,Electronics,23.65,4,4.73,99.33,94.6,90.06,4,4.54
GRC-ELE-020,3/4/2019,Greene City,Member,Male,Electronics,19.24,9,8.66,181.82,173.16,168.13,8,5.03
GRC-ELE-021,1/1/2019,Greene City,Normal,Female,Electronics,74.71,6,22.41,470.67,448.26,424.59,6.7,23.67
GRC-ELE-022,1/2/2019,Greene City,Normal,Male,Electronics,22.01,6,6.6,138.66,132.06,127.99,7.6,4.07
GRC-ELE-023,2/7/2019,Greene City,Normal,Male,Electronics,79.39,10,39.7,833.6,793.9,771.86,6.2,22.04
GRC-ELE-024,3/26/2019,Greene City,Normal,Female,Electronics,45.71,3,6.86,143.99,137.13,130.46,7.7,6.67
GRC-ELE-025,2/6/2019,Greene City,Normal,Male,Electronics,22.95,10,11.48,240.98,229.5,218.51,8.2,10.99
GRC-ELE-026,3/14/2019,Greene City,Normal,Male,Electronics,21.58,9,9.71,203.93,194.22,183.65,7.3,10.57
GRC-ELE-027,1/30/2019,Greene City,Normal,Female,Electronics,42.42,8,16.97,356.33,339.36,331.61,5.7,7.75
GRC-ELE-028,3/27/2019,Greene City,Member,Male,Electronics,55.67,2,5.57,116.91,111.34,107.38,6,3.96
GRC-ELE-029,1/15/2019,Greene City,Normal,Male,Electronics,75.66,5,18.92,397.22,378.3,363.83,7.8,14.47
GRC-ELE-030,2/12/2019,Greene City,Member,Female,Electronics,39.48,1,1.97,41.45,39.48,37.84,6.5,1.64
GRC-ELE-031,1/31/2019,Greene City,Normal,Female,Electronics,43,4,8.6,180.6,172,162.64,7.6,9.36
GRC-ELE-032,1/24/2019,Greene City,Normal,Male,Electronics,75.88,7,26.56,557.72,531.16,519.87,8.9,11.29
GRC-ELE-033,1/12/2019,Greene City,Member,Male,Electronics,91.56,8,36.62,769.1,732.48,702.81,6,29.67
GRC-ELE-034,2/17/2019,Greene City,Member,Female,Electronics,35.74,8,14.3,300.22,285.92,272.91,4.9,13.01
GRC-ELE-035,1/31/2019,Greene City,Normal,Male,Electronics,72.13,10,36.07,757.37,721.3,703.54,4.2,17.76
GRC-ELE-036,3/16/2019,Greene City,Normal,Female,Electronics,95.64,4,19.13,401.69,382.56,369.75,7.9,12.81
GRC-ELE-037,1/31/2019,Greene City,Member,Male,Electronics,87.87,9,39.54,830.37,790.83,748.79,5.6,42.04
GRC-ELE-038,2/23/2019,Greene City,Member,Female,Electronics,75.59,9,34.02,714.33,680.31,643.45,8,36.86
GRC-ELE-039,3/25/2019,Greene City,Normal,Male,Electronics,52.89,4,10.58,222.14,211.56,207,6.7,4.56
GRC-ELE-040,2/28/2019,Greene City,Normal,Male,Electronics,60.3,1,3.02,63.32,60.3,58.09,6,2.21
GRC-ELE-041,2/25/2019,Greene City,Normal,Female,Electronics,52.79,10,26.4,554.3,527.9,502.63,10,25.27
GRC-ELE-042,1/28/2019,Greene City,Member,Female,Electronics,21.43,10,10.72,225.02,214.3,207.44,6.2,6.86
GRC-ELE-043,2/25/2019,Greene City,Member,Male,Electronics,39.75,1,1.99,41.74,39.75,38.81,6.1,0.94
GRC-ELE-044,1/19/2019,Greene City,Member,Female,Electronics,12.1,8,4.84,101.64,96.8,92.16,8.6,4.64
GRC-ELE-045,2/7/2019,Greene City,Normal,Female,Electronics,57.91,8,23.16,486.44,463.28,441.41,8.1,21.87
GRC-ELE-046,3/6/2019,Greene City,Normal,Male,Electronics,28.38,5,7.1,149,141.9,134.43,9.4,7.47
GRC-ELE-047,2/6/2019,Greene City,Member,Male,Electronics,50.45,6,15.14,317.84,302.7,296.36,8.9,6.34
GRC-ELE-048,3/2/2019,Greene City,Member,Female,Electronics,26.26,3,3.94,82.72,78.78,77.07,6.3,1.71
GRC-ELE-049,1/10/2019,Greene City,Normal,Female,Electronics,13.78,4,2.76,57.88,55.12,53.8,9,1.32
GRC-ELE-050,2/15/2019,Greene City,Normal,Female,Electronics,88.25,9,39.71,833.96,794.25,765.11,7.6,29.14
GRC-ELE-051,2/7/2019,Greene City,Normal,Male,Electronics,46.02,6,13.81,289.93,276.12,267.45,7.1,8.67
GRC-ELE-052,3/2/2019,Greene City,Normal,Female,Electronics,38.27,2,3.83,80.37,76.54,72.93,5.8,3.61
GRC-ELE-053,3/11/2019,Greene City,Member,Female,Electronics,34.49,5,8.62,181.07,172.45,166.04,9,6.41
GRC-ELE-054,1/26/2019,Greene City,Normal,Male,Electronics,87.08,7,30.48,640.04,609.56,589.02,5.5,20.54
GRC-ELE-055,3/10/2019,Greene City,Normal,Female,Electronics,25.45,1,1.27,26.72,25.45,24.9,5.1,0.55
GRC-FBV-001,2/20/2019,Greene City,Member,Female,Food and beverages,54.84,3,8.23,172.75,164.52,156.08,5.9,8.44
GRC-FBV-002,1/25/2019,Greene City,Normal,Female,Food and beverages,88.36,5,22.09,463.89,441.8,418.39,9.6,23.41
GRC-FBV-003,2/6/2019,Greene City,Member,Female,Food and beverages,20.01,9,9,189.09,180.09,175.49,4.1,4.6
GRC-FBV-004,3/5/2019,Greene City,Member,Female,Food and beverages,48.52,3,7.28,152.84,145.56,138.12,4,7.44
GRC-FBV-005,1/26/2019,Greene City,Normal,Female,Food and beverages,96.68,3,14.5,304.54,290.04,277.13,6.4,12.91
GRC-FBV-006,2/20/2019,Greene City,Normal,Male,Food and beverages,39.9,10,19.95,418.95,399,380.07,5.9,18.93
GRC-FBV-007,1/26/2019,Greene City,Member,Male,Food and beverages,80.05,5,20.01,420.26,400.25,388.44,9.4,11.81
GRC-FBV-008,1/18/2019,Greene City,Normal,Male,Food and beverages,19.79,8,7.92,166.24,158.32,154.26,8.7,4.06
GRC-FBV-009,3/5/2019,Greene City,Member,Male,Food and beverages,18.08,3,2.71,56.95,54.24,52.87,8,1.37
GRC-FBV-010,3/10/2019,Greene City,Normal,Female,Food and beverages,57.34,3,8.6,180.62,172.02,163.92,7.9,8.1
GRC-FBV-011,3/6/2019,Greene City,Normal,Male,Food and beverages,62.08,7,21.73,456.29,434.56,411.85,5.4,22.71
GRC-FBV-012,1/14/2019,Greene City,Normal,Male,Food and beverages,73.06,7,25.57,536.99,511.42,494.64,4.2,16.78
GRC-FBV-013,2/2/2019,Greene City,Member,Male,Food and beverages,46.55,9,20.95,439.9,418.95,402.36,6.4,16.59
GRC-FBV-014,1/8/2019,Greene City,Member,Female,Food and beverages,74.6,10,37.3,783.3,746,726.49,9.5,19.51
GRC-FBV-015,1/25/2019,Greene City,Normal,Female,Food and beverages,48.51,7,16.98,356.55,339.57,328.78,5.2,10.79
GRC-FBV-016,2/5/2019,Greene City,Member,Female,Food and beverages,42.82,9,19.27,404.65,385.38,376.08,8.9,9.3
GRC-FBV-017,1/7/2019,Greene City,Member,Female,Food and beverages,89.14,4,17.83,374.39,356.56,337.97,7.8,18.59
GRC-FBV-018,1/14/2019,Greene City,Normal,Female,Food and beverages,99.69,5,24.92,523.37,498.45,472.87,9.9,25.58
GRC-FBV-019,3/10/2019,Greene City,Normal,Male,Food and beverages,18.22,7,6.38,133.92,127.54,124.45,6.6,3.09
GRC-FBV-020,3/20/2019,Greene City,Member,Female,Food and beverages,20.87,3,3.13,65.74,62.61,59.59,8,3.02
GRC-FBV-021,2/15/2019,Greene City,Member,Female,Food and beverages,77.4,9,34.83,731.43,696.6,664.96,4.5,31.64
GRC-FBV-022,3/3/2019,Greene City,Member,Female,Food and beverages,73.05,10,36.53,767.03,730.5,699.04,8.7,31.46
GRC-FBV-023,1/29/2019,Greene City,Normal,Female,Food and beverages,84.05,6,25.22,529.52,504.3,490.95,7.7,13.35
GRC-FBV-024,2/7/2019,Greene City,Member,Female,Food and beverages,54.36,10,27.18,570.78,543.6,516.9,6.1,26.7
GRC-FBV-025,1/5/2019,Greene City,Normal,Female,Food and beverages,71.2,1,3.56,74.76,71.2,67.28,9.2,3.92
GRC-FBV-026,1/13/2019,Greene City,Normal,Male,Food and beverages,72.39,2,7.24,152.02,144.78,141.47,8.1,3.31
GRC-FBV-027,2/20/2019,Greene City,Normal,Male,Food and beverages,60.3,4,12.06,253.26,241.2,228.51,5.8,12.69
GRC-FBV-028,1/17/2019,Greene City,Member,Male,Food and beverages,57.89,2,5.79,121.57,115.78,109.56,8.9,6.22
GRC-FBV-029,1/26/2019,Greene City,Member,Female,Food and beverages,78.88,2,7.89,165.65,157.76,149.48,9.1,8.28
GRC-FBV-030,3/20/2019,Greene City,Member,Male,Food and beverages,79.91,3,11.99,251.72,239.73,234.3,5,5.43
GRC-FBV-031,3/8/2019,Greene City,Member,Female,Food and beverages,17.63,5,4.41,92.56,88.15,85.78,8.5,2.37
GRC-FBV-032,2/23/2019,Greene City,Member,Female,Food and beverages,98.79,3,14.82,311.19,296.37,284.95,6.4,11.42
GRC-FBV-033,2/20/2019,Greene City,Member,Male,Food and beverages,57.74,3,8.66,181.88,173.22,166.27,7.7,6.95
GRC-FBV-034,3/30/2019,Greene City,Member,Male,Food and beverages,93.4,2,9.34,196.14,186.8,181.26,5.5,5.54
GRC-FBV-035,3/27/2019,Greene City,Normal,Male,Food and beverages,32.32,3,4.85,101.81,96.96,91.92,4.3,5.04
GRC-FBV-036,2/4/2019,Greene City,Member,Male,Food and beverages,23.34,4,4.67,98.03,93.36,90.1,7.4,3.26
GRC-FBV-037,3/1/2019,Greene City,Member,Male,Food and beverages,53.72,1,2.69,56.41,53.72,52.51,6.4,1.21
GRC-FBV-038,2/11/2019,Greene City,Member,Female,Food and beverages,77.2,10,38.6,810.6,772,754.02,5.6,17.98
GRC-FBV-039,1/22/2019,Greene City,Normal,Female,Food and beverages,28.86,5,7.22,151.52,144.3,138.98,8,5.32
GRC-FBV-040,3/14/2019,Greene City,Normal,Female,Food and beverages,53.21,8,21.28,446.96,425.68,403.38,5,22.3
GRC-FBV-041,2/3/2019,Greene City,Member,Male,Food and beverages,47.16,5,11.79,247.59,235.8,228.47,6,7.33
GRC-FBV-042,1/1/2019,Greene City,Normal,Male,Food and beverages,21.12,8,8.45,177.41,168.96,161.19,6.3,7.77
GRC-FBV-043,1/8/2019,Greene City,Member,Female,Food and beverages,33.21,10,16.61,348.71,332.1,320.71,6,11.39
GRC-FBV-044,3/27/2019,Greene City,Member,Female,Food and beverages,29.15,3,4.37,91.82,87.45,83.86,7.3,3.59
GRC-FBV-045,2/24/2019,Greene City,Normal,Female,Food and beverages,26.43,8,10.57,222.01,211.44,206.83,8.9,4.61
GRC-FBV-046,2/25/2019,Greene City,Member,Female,Food and beverages,62.85,4,12.57,263.97,251.4,244.49,8.7,6.91
GRC-FBV-047,1/26/2019,Greene City,Normal,Male,Food and beverages,33.33,2,3.33,69.99,66.66,64.31,6.4,2.35
GRC-FBV-048,1/1/2019,Greene City,Member,Female,Food and beverages,84.63,10,42.32,888.62,846.3,827.02,9,19.28
GRC-FBV-049,2/26/2019,Greene City,Member,Male,Food and beverages,26.6,6,7.98,167.58,159.6,150.91,4.9,8.69
GRC-FBV-050,2/4/2019,Greene City,Normal,Female,Food and beverages,67.77,1,3.39,71.16,67.77,65.31,6.5,2.46
GRC-HBE-001,3/5/2019,Greene City,Normal,Male,Health and beauty,87.98,3,13.2,277.14,263.94,258.66,5.1,5.28
GRC-HBE-002,2/27/2019,Greene City,Member,Male,Health and beauty,56.69,9,25.51,535.72,510.21,494.8,8.4,15.41
GRC-HBE-003,2/14/2019,Greene City,Member,Male,Health and beauty,75.74,4,15.15,318.11,302.96,291.15,7.6,11.81
GRC-HBE-004,3/12/2019,Greene City,Member,Male,Health and beauty,64.36,9,28.96,608.2,579.24,561.34,8.6,17.9
GRC-HBE-005,3/29/2019,Greene City,Normal,Male,Health and beauty,87.87,10,43.94,922.64,878.7,848.4,5.1,30.3
GRC-HBE-006,3/19/2019,Greene City,Normal,Male,Health and beauty,30.35,7,10.62,223.07,212.45,206.67,8,5.78
GRC-HBE-007,3/30/2019,Greene City,Member,Male,Health and beauty,97.22,9,43.75,918.73,874.98,825.91,6,49.07
GRC-HBE-008,2/25/2019,Greene City,Member,Male,Health and beauty,42.57,8,17.03,357.59,340.56,332.22,5.6,8.34
GRC-HBE-009,2/6/2019,Greene City,Member,Male,Health and beauty,25.9,10,12.95,271.95,259,245.24,8.7,13.76
GRC-HBE-010,1/26/2019,Greene City,Member,Male,Health and beauty,69.37,9,31.22,655.55,624.33,591.93,4,32.4
GRC-HBE-011,2/11/2019,Greene City,Normal,Female,Health and beauty,84.09,9,37.84,794.65,756.81,728.54,8,28.27
GRC-HBE-012,2/26/2019,Greene City,Normal,Female,Health and beauty,99.71,6,29.91,628.17,598.26,577.24,7.9,21.02
GRC-HBE-013,2/20/2019,Greene City,Normal,Male,Health and beauty,66.68,5,16.67,350.07,333.4,315.39,7.6,18.01
GRC-HBE-014,3/13/2019,Greene City,Normal,Male,Health and beauty,18.11,10,9.06,190.16,181.1,177.19,5.9,3.91
GRC-HBE-015,3/12/2019,Greene City,Member,Male,Health and beauty,39.01,1,1.95,40.96,39.01,37.54,4.7,1.47
GRC-HBE-016,1/25/2019,Greene City,Member,Male,Health and beauty,51.13,4,10.23,214.75,204.52,193.1,4,11.42
GRC-HBE-017,3/5/2019,Greene City,Member,Female,Health and beauty,55.97,7,19.59,411.38,391.79,378.82,8.9,12.97
GRC-HBE-018,2/15/2019,Greene City,Member,Female,Health and beauty,76.9,7,26.92,565.22,538.3,514.64,7.7,23.66
GRC-HBE-019,2/27/2019,Greene City,Normal,Female,Health and beauty,13.5,10,6.75,141.75,135,130.15,4.8,4.85
GRC-HBE-020,3/5/2019,Greene City,Member,Female,Health and beauty,41.06,6,12.32,258.68,246.36,238.64,8.3,7.72
GRC-HBE-021,1/2/2019,Greene City,Normal,Female,Health and beauty,34.21,10,17.11,359.21,342.1,328.9,5.1,13.2
GRC-HBE-022,1/25/2019,Greene City,Normal,Male,Health and beauty,96.11,1,4.81,100.92,96.11,90.9,7.8,5.21
GRC-HBE-023,1/12/2019,Greene City,Normal,Female,Health and beauty,57.22,2,5.72,120.16,114.44,108.72,8.3,5.72
GRC-HBE-024,1/28/2019,Greene City,Member,Female,Health and beauty,19.15,1,0.96,20.11,19.15,18.32,9.5,0.83
GRC-HBE-025,1/12/2019,Greene City,Member,Female,Health and beauty,27.07,1,1.35,28.42,27.07,25.75,5.3,1.32
GRC-HBE-026,3/30/2019,Greene City,Member,Male,Health and beauty,72.57,8,29.03,609.59,580.56,558,4.6,22.56
GRC-HBE-027,3/5/2019,Greene City,Member,Female,Health and beauty,25.32,8,10.13,212.69,202.56,195.97,8.7,6.59
GRC-HBE-028,3/29/2019,Greene City,Member,Male,Health and beauty,61.29,5,15.32,321.77,306.45,295.94,7,10.51
GRC-HBE-029,3/29/2019,Greene City,Member,Male,Health and beauty,54.86,5,13.72,288.02,274.3,264.65,9.8,9.65
GRC-HBE-030,2/5/2019,Greene City,Normal,Female,Health and beauty,58.24,9,26.21,550.37,524.16,501.08,9.7,23.08
GRC-HBE-031,3/1/2019,Greene City,Normal,Male,Health and beauty,69.51,2,6.95,145.97,139.02,131.26,8.1,7.76
GRC-HBE-032,3/1/2019,Greene City,Normal,Male,Health and beauty,14.82,3,2.22,46.68,44.46,42.95,8.7,1.51
GRC-HBE-033,3/14/2019,Greene City,Member,Male,Health and beauty,82.58,10,41.29,867.09,825.8,784.04,5,41.76
GRC-HBE-034,1/15/2019,Greene City,Member,Male,Health and beauty,66.47,10,33.24,697.94,664.7,633.46,5,31.24
GRC-HBE-035,1/22/2019,Greene City,Normal,Female,Health and beauty,55.81,6,16.74,351.6,334.86,323.5,9.9,11.36
GRC-HBE-036,2/23/2019,Greene City,Normal,Female,Health and beauty,17.97,4,3.59,75.47,71.88,68.02,6.4,3.86
GRC-HBE-037,3/2/2019,Greene City,Normal,Female,Health and beauty,73.41,3,11.01,231.24,220.23,212.69,4,7.54
GRC-HBE-038,1/6/2019,Greene City,Member,Male,Health and beauty,80.47,9,36.21,760.44,724.23,694.39,9.2,29.84
GRC-HBE-039,3/29/2019,Greene City,Normal,Male,Health and beauty,71.77,7,25.12,527.51,502.39,484.85,8.9,17.54
GRC-HBE-040,3/15/2019,Greene City,Normal,Male,Health and beauty,92.78,1,4.64,97.42,92.78,87.53,9.8,5.25
GRC-HBE-041,1/14/2019,Greene City,Normal,Female,Health and beauty,17.75,1,0.89,18.64,17.75,17.28,8.6,0.47
GRC-HBE-042,3/15/2019,Greene City,Normal,Male,Health and beauty,10.75,8,4.3,90.3,86,83.76,6.2,2.24
GRC-HBE-043,1/27/2019,Greene City,Member,Male,Health and beauty,96.16,4,19.23,403.87,384.64,369.06,8.4,15.58
GRC-HBE-044,1/28/2019,Greene City,Member,Female,Health and beauty,72.11,9,32.45,681.44,648.99,621.47,7.7,27.52
GRC-HBE-045,2/25/2019,Greene City,Normal,Male,Health and beauty,62.57,4,12.51,262.79,250.28,238.3,9.5,11.98
GRC-HBE-046,2/15/2019,Greene City,Normal,Male,Health and beauty,57.59,6,17.28,362.82,345.54,326.05,5.1,19.49
GRC-HBE-047,1/28/2019,Greene City,Normal,Male,Health and beauty,99.16,8,39.66,832.94,793.28,761.1,4.2,32.18
GRC-HBE-048,3/24/2019,Greene City,Normal,Female,Health and beauty,82.88,5,20.72,435.12,414.4,395.51,6.6,18.89
GRC-HBE-049,2/21/2019,Greene City,Member,Male,Health and beauty,39.91,3,5.99,125.72,119.73,114.28,9.3,5.45
GRC-HBE-050,2/18/2019,Greene City,Normal,Female,Health and beauty,14.76,2,1.48,31,29.52,28.38,4.3,1.14
GRC-HBE-051,1/3/2019,Greene City,Member,Male,Health and beauty,62,8,24.8,520.8,496,482.89,6.2,13.11
GRC-HBE-052,1/28/2019,Greene City,Member,Male,Health and beauty,75.37,8,30.15,633.11,602.96,571.52,8.4,31.44
GRC-HML-001,3/11/2019,Greene City,Normal,Female,Home and lifestyle,40.3,2,4.03,84.63,80.6,77.31,4.4,3.29
GRC-HML-002,3/15/2019,Greene City,Normal,Male,Home and lifestyle,33.2,2,3.32,69.72,66.4,62.97,4.4,3.43
GRC-HML-003,3/3/2019,Greene City,Member,Male,Home and lifestyle,30.12,8,12.05,253.01,240.96,233.13,7.7,7.83
GRC-HML-004,1/17/2019,Greene City,Member,Female,Home and lifestyle,86.72,1,4.34,91.06,86.72,83.97,7.9,2.75
GRC-HML-005,3/7/2019,Greene City,Normal,Male,Home and lifestyle,16.16,2,1.62,33.94,32.32,30.81,6.5,1.51
GRC-HML-006,3/5/2019,Greene City,Normal,Male,Home and lifestyle,82.7,6,24.81,521.01,496.2,477.84,7.4,18.36
GRC-HML-007,1/20/2019,Greene City,Normal,Male,Home and lifestyle,53.44,2,5.34,112.22,106.88,103.29,4.1,3.59
GRC-HML-008,3/6/2019,Greene City,Member,Male,Home and lifestyle,71.86,8,28.74,603.62,574.88,557.92,6.2,16.96
GRC-HML-009,3/7/2019,Greene City,Normal,Male,Home and lifestyle,50.28,5,12.57,263.97,251.4,243.8,9.7,7.6
GRC-HML-010,3/3/2019,Greene City,Member,Female,Home and lifestyle,94.49,8,37.8,793.72,755.92,722.95,7.5,32.97
GRC-HML-011,2/8/2019,Greene City,Member,Male,Home and lifestyle,46.47,4,9.29,195.17,185.88,181.68,7,4.2
GRC-HML-012,2/11/2019,Greene City,Normal,Female,Home and lifestyle,77.04,3,11.56,242.68,231.12,222.62,7.2,8.5
GRC-HML-013,1/26/2019,Greene City,Normal,Male,Home and lifestyle,25.55,4,5.11,107.31,102.2,96.57,5.7,5.63
GRC-HML-014,2/15/2019,Greene City,Member,Male,Home and lifestyle,17.77,5,4.44,93.29,88.85,84.11,5.4,4.74
GRC-HML-015,3/20/2019,Greene City,Normal,Male,Home and lifestyle,92.36,5,23.09,484.89,461.8,448.41,4.9,13.39
GRC-HML-016,2/2/2019,Greene City,Normal,Male,Home and lifestyle,93.87,8,37.55,788.51,750.96,719.94,8.3,31.02
GRC-HML-017,2/7/2019,Greene City,Normal,Male,Home and lifestyle,22.02,9,9.91,208.09,198.18,192.66,6.8,5.52
GRC-HML-018,3/2/2019,Greene City,Member,Male,Home and lifestyle,27,9,12.15,255.15,243,235.66,4.8,7.34
GRC-HML-019,1/5/2019,Greene City,Member,Female,Home and lifestyle,35.38,9,15.92,334.34,318.42,309.16,9.6,9.26
GRC-HML-020,3/15/2019,Greene City,Normal,Male,Home and lifestyle,13.59,9,6.12,128.43,122.31,116.07,5.8,6.24
GRC-HML-021,2/12/2019,Greene City,Member,Male,Home and lifestyle,60.38,10,30.19,633.99,603.8,590.46,6,13.34
GRC-HML-022,2/4/2019,Greene City,Member,Female,Home and lifestyle,77.68,9,34.96,734.08,699.12,675.08,9.8,24.04
GRC-HML-023,3/19/2019,Greene City,Member,Male,Home and lifestyle,38.81,4,7.76,163,155.24,147.17,4.9,8.07
GRC-HML-024,1/20/2019,Greene City,Normal,Male,Home and lifestyle,37.48,3,5.62,118.06,112.44,109.73,7.7,2.71
GRC-HML-025,2/25/2019,Greene City,Member,Female,Home and lifestyle,82.04,5,20.51,430.71,410.2,390.93,7.6,19.27
GRC-HML-026,2/8/2019,Greene City,Normal,Male,Home and lifestyle,31.75,4,6.35,133.35,127,122.46,8.6,4.54
GRC-HML-027,1/17/2019,Greene City,Member,Female,Home and lifestyle,94.59,7,33.11,695.24,662.13,638.64,4.9,23.49
GRC-HML-028,3/18/2019,Greene City,Normal,Male,Home and lifestyle,99.7,3,14.96,314.06,299.1,291.51,4.7,7.59
GRC-HML-029,1/8/2019,Greene City,Member,Female,Home and lifestyle,49.1,2,4.91,103.11,98.2,94.25,6.4,3.95
GRC-HML-030,1/6/2019,Greene City,Normal,Male,Home and lifestyle,62.19,4,12.44,261.2,248.76,237.86,4.3,10.9
GRC-HML-031,3/2/2019,Greene City,Member,Female,Home and lifestyle,88.39,9,39.78,835.29,795.51,762.18,6.3,33.33
GRC-HML-032,3/18/2019,Greene City,Normal,Male,Home and lifestyle,44.12,3,6.62,138.98,132.36,128.59,7.9,3.77
GRC-HML-033,3/9/2019,Greene City,Member,Female,Home and lifestyle,52.18,7,18.26,383.52,365.26,351.86,9.3,13.4
GRC-HML-034,3/26/2019,Greene City,Member,Female,Home and lifestyle,12.29,9,5.53,116.14,110.61,104.51,8,6.1
GRC-HML-035,1/24/2019,Greene City,Normal,Male,Home and lifestyle,73.28,5,18.32,384.72,366.4,358.23,8.4,8.17
GRC-HML-036,3/5/2019,Greene City,Normal,Female,Home and lifestyle,95.46,8,38.18,801.86,763.68,739.38,4.7,24.3
GRC-HML-037,1/15/2019,Greene City,Normal,Female,Home and lifestyle,97.37,10,48.69,1022.39,973.7,933.57,4.9,40.13
GRC-HML-038,3/12/2019,Greene City,Member,Female,Home and lifestyle,40.73,7,14.26,299.37,285.11,274.16,5.4,10.95
GRC-HML-039,3/17/2019,Greene City,Normal,Female,Home and lifestyle,11.28,9,5.08,106.6,101.52,96.36,4.3,5.16
GRC-HML-040,1/12/2019,Greene City,Normal,Female,Home and lifestyle,51.07,7,17.87,375.36,357.49,337.57,7,19.92
GRC-HML-041,2/9/2019,Greene City,Normal,Male,Home and lifestyle,45.97,4,9.19,193.07,183.88,178.05,5.1,5.83
GRC-HML-042,1/27/2019,Greene City,Normal,Female,Home and lifestyle,49.01,10,24.51,514.61,490.1,466.78,4.2,23.32
GRC-HML-043,2/22/2019,Greene City,Normal,Male,Home and lifestyle,68.97,3,10.35,217.26,206.91,200.65,8.7,6.26
GRC-HML-044,2/8/2019,Greene City,Normal,Female,Home and lifestyle,16.37,6,4.91,103.13,98.22,94.5,7,3.72
GRC-HML-045,3/24/2019,Greene City,Normal,Male,Home and lifestyle,99.92,6,29.98,629.5,599.52,570.19,7.1,29.33
GRC-HML-046,1/3/2019,Greene City,Normal,Female,Home and lifestyle,63.15,6,18.95,397.85,378.9,370.54,9.8,8.36
GRC-HML-047,1/9/2019,Greene City,Member,Female,Home and lifestyle,21.9,3,3.29,68.99,65.7,64.19,4.7,1.51
GRC-HML-048,2/9/2019,Greene City,Member,Male,Home and lifestyle,65.91,6,19.77,415.23,395.46,383.57,5.7,11.89
GRC-HML-049,2/10/2019,Greene City,Member,Male,Home and lifestyle,36.91,7,12.92,271.29,258.37,252.1,6.7,6.27
GRC-HML-050,3/2/2019,Greene City,Normal,Female,Home and lifestyle,97.38,10,48.69,1022.49,973.8,922.95,4.4,50.85
GRC-STR-001,1/15/2019,Greene City,Member,Female,Sports and travel,93.72,6,28.12,590.44,562.32,534.88,4.5,27.44
GRC-STR-002,1/28/2019,Greene City,Member,Male,Sports and travel,78.07,9,35.13,737.76,702.63,684.68,4.5,17.95
GRC-STR-003,1/10/2019,Greene City,Normal,Male,Sports and travel,83.78,8,33.51,703.75,670.24,649.46,5.1,20.78
GRC-STR-004,2/8/2019,Greene City,Member,Female,Sports and travel,69.12,6,20.74,435.46,414.72,395.17,5.6,19.55
GRC-STR-005,2/3/2019,Greene City,Member,Female,Sports and travel,55.07,9,24.78,520.41,495.63,469.75,10,25.88
GRC-STR-006,2/5/2019,Greene City,Member,Female,Sports and travel,16.49,2,1.65,34.63,32.98,31.55,4.6,1.43
GRC-STR-007,3/9/2019,Greene City,Member,Male,Sports and travel,99.96,9,44.98,944.62,899.64,880.06,4.2,19.58
GRC-STR-008,2/8/2019,Greene City,Normal,Female,Sports and travel,90.28,9,40.63,853.15,812.52,784.24,7.2,28.28
GRC-STR-009,2/10/2019,Greene City,Normal,Female,Sports and travel,34.84,4,6.97,146.33,139.36,133.83,7.4,5.53
GRC-STR-010,2/16/2019,Greene City,Normal,Male,Sports and travel,51.91,10,25.96,545.06,519.1,504.03,8.2,15.07
GRC-STR-011,3/27/2019,Greene City,Normal,Male,Sports and travel,93.39,6,28.02,588.36,560.34,538.89,10,21.45
GRC-STR-012,1/4/2019,Greene City,Normal,Male,Sports and travel,46.42,3,6.96,146.22,139.26,133.06,4.4,6.2
GRC-STR-013,3/11/2019,Greene City,Member,Female,Sports and travel,29.61,7,10.36,217.63,207.27,197.19,6.5,10.08
GRC-STR-014,3/24/2019,Greene City,Normal,Female,Sports and travel,24.77,5,6.19,130.04,123.85,119.73,8.5,4.12
GRC-STR-015,2/26/2019,Greene City,Normal,Male,Sports and travel,54.45,1,2.72,57.17,54.45,52.02,7.9,2.43
GRC-STR-016,3/6/2019,Greene City,Normal,Female,Sports and travel,67.43,5,16.86,354.01,337.15,323.86,6.3,13.29
GRC-STR-017,1/31/2019,Greene City,Member,Male,Sports and travel,79.93,6,23.98,503.56,479.58,461.79,5.5,17.79
GRC-STR-018,3/12/2019,Greene City,Normal,Male,Sports and travel,97.74,4,19.55,410.51,390.96,381.9,6.4,9.06
GRC-STR-019,2/24/2019,Greene City,Normal,Female,Sports and travel,57.95,6,17.39,365.09,347.7,331.95,5.2,15.75
GRC-STR-020,3/16/2019,Greene City,Normal,Male,Sports and travel,74.97,1,3.75,78.72,74.97,72.52,5.6,2.45
GRC-STR-021,1/31/2019,Greene City,Member,Male,Sports and travel,75.82,1,3.79,79.61,75.82,73.24,5.8,2.58
GRC-STR-022,1/25/2019,Greene City,Normal,Male,Sports and travel,21.87,2,2.19,45.93,43.74,41.62,6.9,2.12
GRC-STR-023,2/27/2019,Greene City,Normal,Male,Sports and travel,67.27,5,16.82,353.17,336.35,317.64,6.9,18.71
GRC-STR-024,3/22/2019,Greene City,Member,Female,Sports and travel,88.43,8,35.37,742.81,707.44,687.8,4.3,19.64
GRC-STR-025,3/26/2019,Greene City,Member,Female,Sports and travel,39.12,1,1.96,41.08,39.12,38.08,9.6,1.04
GRC-STR-026,3/22/2019,Greene City,Normal,Male,Sports and travel,37.02,6,11.11,233.23,222.12,216.84,4.5,5.28
GRC-STR-027,3/16/2019,Greene City,Normal,Male,Sports and travel,34.37,10,17.19,360.89,343.7,332.99,6.7,10.71
GRC-STR-028,3/21/2019,Greene City,Member,Female,Sports and travel,49.49,4,9.9,207.86,197.96,193.25,6.6,4.71
GRC-STR-029,3/20/2019,Greene City,Normal,Male,Sports and travel,75.92,8,30.37,637.73,607.36,580.28,5.5,27.08
GRC-STR-030,1/21/2019,Greene City,Member,Female,Sports and travel,98.13,1,4.91,103.04,98.13,94.9,8.9,3.23
GRC-STR-031,2/3/2019,Greene City,Member,Male,Sports and travel,73.97,1,3.7,77.67,73.97,69.88,5.4,4.09
GRC-STR-032,3/25/2019,Greene City,Normal,Female,Sports and travel,93.31,2,9.33,195.95,186.62,178.19,6.3,8.43
GRC-STR-033,2/25/2019,Greene City,Normal,Male,Sports and travel,88.45,1,4.42,92.87,88.45,86.67,9.5,1.78
GRC-STR-034,1/8/2019,Greene City,Member,Female,Sports and travel,48.5,3,7.28,152.78,145.5,140.21,6.7,5.29
GRC-STR-035,1/16/2019,Greene City,Member,Female,Sports and travel,90.74,7,31.76,666.94,635.18,603.03,6.2,32.15
GRC-STR-036,2/13/2019,Greene City,Member,Female,Sports and travel,20.18,4,4.04,84.76,80.72,77.25,5,3.47
GRC-STR-037,1/26/2019,Greene City,Normal,Female,Sports and travel,51.54,5,12.89,270.59,257.7,250.38,4.2,7.32
GRC-STR-038,1/29/2019,Greene City,Member,Male,Sports and travel,26.67,10,13.34,280.04,266.7,255.78,8.6,10.92
GRC-STR-039,1/19/2019,Greene City,Normal,Male,Sports and travel,63.06,3,9.46,198.64,189.18,184.87,7,4.31
GRC-STR-040,3/15/2019,Greene City,Member,Male,Sports and travel,96.8,3,14.52,304.92,290.4,279.86,5.3,10.54
GRC-STR-041,3/17/2019,Greene City,Normal,Female,Sports and travel,54.51,6,16.35,343.41,327.06,308.98,7.8,18.08
GRC-STR-042,1/13/2019,Greene City,Member,Male,Sports and travel,72.6,6,21.78,457.38,435.6,424.49,6.9,11.11
GRC-STR-043,3/6/2019,Greene City,Member,Male,Sports and travel,37.32,9,16.79,352.67,335.88,318.44,5.1,17.44
GRC-STR-044,2/3/2019,Greene City,Normal,Female,Sports and travel,42.97,3,6.45,135.36,128.91,121.94,9.3,6.97
GRC-STR-045,1/17/2019,Greene City,Normal,Female,Sports and travel,40.62,2,4.06,85.3,81.24,77.61,4.1,3.63
GRC-STR-046,2/19/2019,Greene City,Member,Female,Sports and travel,64.08,7,22.43,470.99,448.56,437.3,7.3,11.26
GRC-STR-047,1/14/2019,Greene City,Normal,Female,Sports and travel,34.81,1,1.74,36.55,34.81,34.09,7,0.72
GRC-STR-048,1/24/2019,Greene City,Member,Female,Sports and travel,23.08,6,6.92,145.4,138.48,133.89,4.9,4.59
GRC-STR-049,1/8/2019,Greene City,Member,Female,Sports and travel,64.83,2,6.48,136.14,129.66,125.5,8,4.16
GRC-STR-050,3/5/2019,Greene City,Normal,Male,Sports and travel,69.74,10,34.87,732.27,697.4,660.45,8.9,36.95
GRC-STR-051,2/13/2019,Greene City,Normal,Male,Sports and travel,13.69,6,4.11,86.25,82.14,77.78,6.3,4.36
GRC-STR-052,2/26/2019,Greene City,Member,Female,Sports and travel,95.54,4,19.11,401.27,382.16,363.76,4.5,18.4
GRC-STR-053,1/3/2019,Greene City,Normal,Male,Sports and travel,93.38,1,4.67,98.05,93.38,89.51,9.6,3.87
GRC-STR-054,1/12/2019,Greene City,Normal,Male,Sports and travel,23.01,6,6.9,144.96,138.06,131.56,7.9,6.5
GRC-STR-055,2/14/2019,Greene City,Member,Female,Sports and travel,60.08,7,21.03,441.59,420.56,409.09,4.5,11.47
GRC-STR-056,1/9/2019,Greene City,Member,Female,Sports and travel,11.85,8,4.74,99.54,94.8,91.47,4.1,3.33
GRC-STR-057,1/2/2019,Greene City,Normal,Male,Sports and travel,44.63,6,13.39,281.17,267.78,258.13,5.1,9.65
GRC-STR-058,3/15/2019,Greene City,Member,Male,Sports and travel,90.53,8,36.21,760.45,724.24,689.88,6.5,34.36
GRC-STR-059,2/20/2019,Greene City,Member,Male,Sports and travel,31.99,10,16,335.9,319.9,313.09,9.9,6.81
GRC-STR-060,2/15/2019,Greene City,Member,Male,Sports and travel,88.31,1,4.42,92.73,88.31,85.54,5.2,2.77
GRC-STR-061,3/2/2019,Greene City,Normal,Male,Sports and travel,25.31,2,2.53,53.15,50.62,48.6,7.2,2.02
GRC-STR-062,1/24/2019,Greene City,Normal,Female,Sports and travel,76.6,10,38.3,804.3,766,728.39,6,37.61
OLI-CLO-001,3/19/2019,Olinger,Member,Female,Clothing,82.63,10,41.32,867.62,826.3,800.45,7.9,25.85
OLI-CLO-002,1/25/2019,Olinger,Member,Male,Clothing,15.43,1,0.77,16.2,15.43,14.64,6.1,0.79
OLI-CLO-003,2/11/2019,Olinger,Normal,Male,Clothing,62.12,10,31.06,652.26,621.2,593.16,5.9,28.04
OLI-CLO-004,3/25/2019,Olinger,Normal,Male,Clothing,76.52,5,19.13,401.73,382.6,365.92,9.9,16.68
OLI-CLO-005,3/26/2019,Olinger,Member,Male,Clothing,48.71,1,2.44,51.15,48.71,45.96,4.1,2.75
OLI-CLO-006,3/1/2019,Olinger,Normal,Male,Clothing,78.55,9,35.35,742.3,706.95,690.66,7.2,16.29
OLI-CLO-007,1/5/2019,Olinger,Normal,Male,Clothing,27.38,6,8.21,172.49,164.28,157.43,7.9,6.85
OLI-CLO-008,3/2/2019,Olinger,Normal,Female,Clothing,27.02,3,4.05,85.11,81.06,79.1,7.1,1.96
OLI-CLO-009,1/8/2019,Olinger,Normal,Female,Clothing,31.73,9,14.28,299.85,285.57,269.62,5.9,15.95
OLI-CLO-010,2/18/2019,Olinger,Normal,Male,Clothing,90.22,3,13.53,284.19,270.66,259.25,6.2,11.41
OLI-CLO-011,2/13/2019,Olinger,Normal,Female,Clothing,22.51,7,7.88,165.45,157.57,149.29,4.8,8.28
OLI-CLO-012,2/9/2019,Olinger,Normal,Male,Clothing,64.26,7,22.49,472.31,449.82,435.81,5.7,14.01
OLI-CLO-013,1/13/2019,Olinger,Member,Female,Clothing,74.29,1,3.71,78,74.29,72.52,5,1.77
OLI-CLO-014,2/21/2019,Olinger,Member,Female,Clothing,12.54,1,0.63,13.17,12.54,11.95,8.2,0.59
OLI-CLO-015,3/5/2019,Olinger,Member,Female,Clothing,44.22,5,11.06,232.16,221.1,213.73,8.6,7.37
OLI-CLO-016,2/28/2019,Olinger,Member,Male,Clothing,93.2,2,9.32,195.72,186.4,181.85,6,4.55
OLI-CLO-017,3/17/2019,Olinger,Member,Male,Clothing,35.19,10,17.6,369.5,351.9,344.01,8.4,7.89
OLI-CLO-018,3/7/2019,Olinger,Normal,Female,Clothing,16.45,4,3.29,69.09,65.8,63.84,5.6,1.96
OLI-CLO-019,2/2/2019,Olinger,Normal,Female,Clothing,95.42,4,19.08,400.76,381.68,371.54,6.4,10.14
OLI-CLO-020,3/20/2019,Olinger,Member,Male,Clothing,70.99,10,35.5,745.4,709.9,677.31,5.7,32.59
OLI-CLO-021,1/2/2019,Olinger,Normal,Male,Clothing,99.82,2,9.98,209.62,199.64,188.97,6.7,10.67
OLI-CLO-022,2/5/2019,Olinger,Member,Male,Clothing,69.33,2,6.93,145.59,138.66,134.31,9.7,4.35
OLI-CLO-023,2/15/2019,Olinger,Member,Female,Clothing,99.3,10,49.65,1042.65,993,953.53,6.6,39.47
OLI-CLO-024,3/8/2019,Olinger,Normal,Female,Clothing,37.55,10,18.78,394.28,375.5,362.05,9.3,13.45
OLI-CLO-025,1/6/2019,Olinger,Normal,Female,Clothing,81.68,4,16.34,343.06,326.72,309.5,9.1,17.22
OLI-CLO-026,1/29/2019,Olinger,Normal,Male,Clothing,42.08,6,12.62,265.1,252.48,240.91,8.9,11.57
OLI-CLO-027,2/6/2019,Olinger,Member,Male,Clothing,96.98,4,19.4,407.32,387.92,379.11,9.4,8.81
OLI-CLO-028,1/27/2019,Olinger,Member,Female,Clothing,54.07,9,24.33,510.96,486.63,467.43,9.5,19.2
OLI-CLO-029,2/15/2019,Olinger,Member,Female,Clothing,80.48,3,12.07,253.51,241.44,230.63,8.1,10.81
OLI-CLO-030,2/16/2019,Olinger,Member,Female,Clothing,97.79,7,34.23,718.76,684.53,658.5,4.9,26.03
OLI-CLO-031,1/28/2019,Olinger,Normal,Female,Clothing,23.82,5,5.96,125.06,119.1,113.35,5.4,5.75
OLI-CLO-032,2/8/2019,Olinger,Member,Female,Clothing,97.21,10,48.61,1020.71,972.1,921.63,8.7,50.47
OLI-CLO-033,3/9/2019,Olinger,Normal,Male,Clothing,16.28,1,0.81,17.09,16.28,15.7,5,0.58
OLI-CLO-034,1/8/2019,Olinger,Normal,Male,Clothing,12.78,1,0.64,13.42,12.78,12.3,9.5,0.48
OLI-CLO-035,3/10/2019,Olinger,Normal,Male,Clothing,45.74,3,6.86,144.08,137.22,134.31,6.5,2.91
OLI-CLO-036,1/5/2019,Olinger,Member,Female,Clothing,31.9,1,1.6,33.5,31.9,31.13,9.1,0.77
OLI-CLO-037,3/18/2019,Olinger,Member,Female,Clothing,51.47,1,2.57,54.04,51.47,49.51,8.5,1.96
OLI-CLO-038,2/13/2019,Olinger,Member,Female,Clothing,92.98,2,9.3,195.26,185.96,180.17,8,5.79
OLI-CLO-039,3/14/2019,Olinger,Normal,Male,Clothing,59.61,10,29.81,625.91,596.1,570.69,5.3,25.41
OLI-CLO-040,1/26/2019,Olinger,Normal,Female,Clothing,36.85,5,9.21,193.46,184.25,175,9.2,9.25
OLI-CLO-041,1/26/2019,Olinger,Normal,Female,Clothing,64.99,1,3.25,68.24,64.99,62.03,4.5,2.96
OLI-CLO-042,1/8/2019,Olinger,Member,Female,Clothing,51.89,7,18.16,381.39,363.23,352.51,4.5,10.72
OLI-CLO-043,2/7/2019,Olinger,Member,Female,Clothing,43.46,6,13.04,273.8,260.76,252.94,8.5,7.82
OLI-CLO-044,1/9/2019,Olinger,Normal,Female,Clothing,49.32,6,14.8,310.72,295.92,289.55,7.1,6.37
OLI-CLO-045,2/10/2019,Olinger,Member,Female,Clothing,73.38,7,25.68,539.34,513.66,492.01,9.5,21.65
OLI-CLO-046,2/7/2019,Olinger,Normal,Female,Clothing,60.41,8,24.16,507.44,483.28,460.17,9.6,23.11
OLI-CLO-047,1/20/2019,Olinger,Normal,Male,Clothing,15.62,8,6.25,131.21,124.96,120.39,9.1,4.57
OLI-CLO-048,1/31/2019,Olinger,Member,Male,Clothing,98.7,8,39.48,829.08,789.6,748.78,8.5,40.82
OLI-CLO-049,3/16/2019,Olinger,Normal,Male,Clothing,97.26,4,19.45,408.49,389.04,374.72,6.8,14.32
OLI-CLO-050,1/25/2019,Olinger,Member,Female,Clothing,84.87,3,12.73,267.34,254.61,243.26,7.4,11.35
OLI-CLO-051,1/5/2019,Olinger,Normal,Female,Clothing,76.06,3,11.41,239.59,228.18,221.59,9.8,6.59
OLI-CLO-052,3/23/2019,Olinger,Member,Male,Clothing,67.39,7,23.59,495.32,471.73,461.02,6.9,10.71
OLI-CLO-053,1/31/2019,Olinger,Normal,Female,Clothing,62.18,10,31.09,652.89,621.8,591.36,6,30.44
OLI-CLO-054,1/23/2019,Olinger,Normal,Female,Clothing,45.44,7,15.9,333.98,318.08,309.15,9.2,8.93
OLI-CLO-055,3/13/2019,Olinger,Normal,Male,Clothing,56.5,1,2.83,59.33,56.5,53.44,9.6,3.06
OLI-CLO-056,2/12/2019,Olinger,Member,Male,Clothing,52.35,1,2.62,54.97,52.35,50.99,4,1.36
OLI-CLO-057,3/30/2019,Olinger,Member,Female,Clothing,10.18,8,4.07,85.51,81.44,79.19,9.5,2.25
OLI-CLO-058,3/13/2019,Olinger,Normal,Female,Clothing,12.19,8,4.88,102.4,97.52,94.61,6.8,2.91
OLI-CLO-059,3/2/2019,Olinger,Member,Female,Clothing,92.49,5,23.12,485.57,462.45,450.73,8.6,11.72
OLI-CLO-060,1/18/2019,Olinger,Normal,Male,Clothing,60.74,7,21.26,446.44,425.18,403.05,5,22.13
OLI-CLO-061,2/2/2019,Olinger,Member,Female,Clothing,83.35,2,8.34,175.04,166.7,159.88,9.5,6.82
OLI-CLO-062,3/27/2019,Olinger,Member,Male,Clothing,99.82,9,44.92,943.3,898.38,859.71,6.6,38.67
OLI-CLO-063,3/18/2019,Olinger,Member,Male,Clothing,91.98,1,4.6,96.58,91.98,86.89,9.8,5.09
OLI-CLO-064,2/7/2019,Olinger,Normal,Male,Clothing,86.13,2,8.61,180.87,172.26,163.27,8.2,8.99
OLI-ELE-001,3/8/2019,Olinger,Normal,Female,Electronics,15.28,5,3.82,80.22,76.4,73.21,9.6,3.19
OLI-ELE-002,3/25/2019,Olinger,Normal,Male,Electronics,85.39,7,29.89,627.62,597.73,585.04,4.1,12.69
OLI-ELE-003,2/25/2019,Olinger,Member,Male,Electronics,86.04,5,21.51,451.71,430.2,412.16,4.8,18.04
OLI-ELE-004,2/28/2019,Olinger,Normal,Female,Electronics,85.98,8,34.39,722.23,687.84,658.54,8.2,29.3
OLI-ELE-005,3/12/2019,Olinger,Normal,Male,Electronics,30.61,6,9.18,192.84,183.66,174.21,9.3,9.45
OLI-ELE-006,3/9/2019,Olinger,Normal,Female,Electronics,75.91,6,22.77,478.23,455.46,431.38,8.7,24.08
OLI-ELE-007,1/13/2019,Olinger,Normal,Female,Electronics,41.65,10,20.83,437.33,416.5,407.62,5.4,8.88
OLI-ELE-008,2/9/2019,Olinger,Normal,Female,Electronics,12.45,6,3.74,78.44,74.7,72.06,4.1,2.64
OLI-ELE-009,2/1/2019,Olinger,Normal,Female,Electronics,23.07,9,10.38,218.01,207.63,200.86,4.9,6.77
OLI-ELE-010,3/3/2019,Olinger,Member,Male,Electronics,81.97,10,40.99,860.69,819.7,797.66,9.2,22.04
OLI-ELE-011,3/3/2019,Olinger,Normal,Male,Electronics,20.85,8,8.34,175.14,166.8,162.67,6.3,4.13
OLI-ELE-012,1/14/2019,Olinger,Normal,Male,Electronics,61.41,7,21.49,451.36,429.87,421.35,9.8,8.52
OLI-ELE-013,1/4/2019,Olinger,Member,Female,Electronics,66.65,9,29.99,629.84,599.85,569.61,9.7,30.24
OLI-ELE-014,2/17/2019,Olinger,Normal,Male,Electronics,11.81,5,2.95,62,59.05,56.24,9.4,2.81
OLI-ELE-015,1/31/2019,Olinger,Member,Male,Electronics,37.06,4,7.41,155.65,148.24,142.4,9.7,5.84
OLI-ELE-016,2/7/2019,Olinger,Member,Male,Electronics,65.94,4,13.19,276.95,263.76,249.15,6.9,14.61
OLI-ELE-017,3/14/2019,Olinger,Normal,Male,Electronics,27.85,7,9.75,204.7,194.95,186.64,6,8.31
OLI-ELE-018,3/3/2019,Olinger,Member,Female,Electronics,51.92,5,12.98,272.58,259.6,248.55,7.5,11.05
OLI-ELE-019,3/29/2019,Olinger,Normal,Male,Electronics,28.84,4,5.77,121.13,115.36,109.04,6.4,6.32
OLI-ELE-020,2/10/2019,Olinger,Member,Female,Electronics,78.13,10,39.07,820.37,781.3,763.23,4.4,18.07
OLI-ELE-021,1/10/2019,Olinger,Member,Male,Electronics,74.79,5,18.7,392.65,373.95,358.13,4.9,15.82
OLI-ELE-022,3/28/2019,Olinger,Normal,Female,Electronics,47.65,3,7.15,150.1,142.95,136.92,9.5,6.03
OLI-ELE-023,3/4/2019,Olinger,Normal,Female,Electronics,30.24,1,1.51,31.75,30.24,29.33,8.4,0.91
OLI-ELE-024,3/14/2019,Olinger,Normal,Female,Electronics,51.32,9,23.09,484.97,461.88,446.74,5.6,15.14
OLI-ELE-025,3/19/2019,Olinger,Normal,Female,Electronics,26.61,2,2.66,55.88,53.22,50.44,4.2,2.78
OLI-ELE-026,1/23/2019,Olinger,Normal,Female,Electronics,84.05,3,12.61,264.76,252.15,242.59,9.8,9.56
OLI-ELE-027,2/7/2019,Olinger,Normal,Female,Electronics,40.86,8,16.34,343.22,326.88,310.86,6.5,16.02
OLI-ELE-028,1/27/2019,Olinger,Member,Female,Electronics,46.57,10,23.29,488.99,465.7,447.48,7.6,18.22
OLI-ELE-029,2/15/2019,Olinger,Member,Female,Electronics,98.84,1,4.94,103.78,98.84,96.89,8.4,1.95
OLI-ELE-030,3/7/2019,Olinger,Normal,Male,Electronics,84.07,4,16.81,353.09,336.28,324.56,4.4,11.72
OLI-ELE-031,2/15/2019,Olinger,Normal,Female,Electronics,32.8,10,16.4,344.4,328,320.35,6.2,7.65
OLI-ELE-032,1/1/2019,Olinger,Normal,Female,Electronics,63.22,2,6.32,132.76,126.44,123.67,8.5,2.77
OLI-ELE-033,1/28/2019,Olinger,Member,Male,Electronics,18.77,6,5.63,118.25,112.62,106.57,5.5,6.05
OLI-ELE-034,3/7/2019,Olinger,Normal,Male,Electronics,22.21,6,6.66,139.92,133.26,127.59,8.6,5.67
OLI-ELE-035,1/23/2019,Olinger,Normal,Male,Electronics,83.08,1,4.15,87.23,83.08,79.99,6.4,3.09
OLI-ELE-036,3/14/2019,Olinger,Member,Male,Electronics,87.91,5,21.98,461.53,439.55,418.31,4.4,21.24
OLI-ELE-037,3/19/2019,Olinger,Normal,Female,Electronics,46.2,1,2.31,48.51,46.2,44.89,6.3,1.31
OLI-ELE-038,3/19/2019,Olinger,Member,Female,Electronics,88.55,8,35.42,743.82,708.4,693.38,4.7,15.02
OLI-ELE-039,2/16/2019,Olinger,Member,Male,Electronics,12.05,5,3.01,63.26,60.25,58.11,5.5,2.14
OLI-ELE-040,2/24/2019,Olinger,Normal,Male,Electronics,24.74,10,12.37,259.77,247.4,237.78,7.1,9.62
OLI-ELE-041,2/27/2019,Olinger,Normal,Female,Electronics,99.69,1,4.98,104.67,99.69,95.41,8,4.28
OLI-ELE-042,2/19/2019,Olinger,Normal,Female,Electronics,77.63,9,34.93,733.6,698.67,680.48,7.2,18.19
OLI-ELE-043,1/29/2019,Olinger,Normal,Male,Electronics,58.76,10,29.38,616.98,587.6,566.7,9,20.9
OLI-ELE-044,2/19/2019,Olinger,Normal,Male,Electronics,71.89,8,28.76,603.88,575.12,551.04,5.5,24.08
OLI-ELE-045,3/3/2019,Olinger,Member,Female,Electronics,30.2,8,12.08,253.68,241.6,233.45,5.1,8.15
OLI-ELE-046,3/24/2019,Olinger,Normal,Male,Electronics,64.95,10,32.48,681.98,649.5,618.58,5.2,30.92
OLI-ELE-047,1/15/2019,Olinger,Normal,Male,Electronics,55.87,10,27.94,586.64,558.7,533.25,5.8,25.45
OLI-ELE-048,1/14/2019,Olinger,Member,Female,Electronics,44.84,9,20.18,423.74,403.56,390.39,7.5,13.17
OLI-ELE-049,1/19/2019,Olinger,Normal,Female,Electronics,56.13,4,11.23,235.75,224.52,220.05,8.6,4.47
OLI-ELE-050,2/2/2019,Olinger,Normal,Female,Electronics,35.49,6,10.65,223.59,212.94,204.16,4.1,8.78
OLI-ELE-051,3/26/2019,Olinger,Member,Male,Electronics,84.25,2,8.43,176.93,168.5,159.87,5.3,8.63
OLI-ELE-052,3/30/2019,Olinger,Member,Male,Electronics,96.82,3,14.52,304.98,290.46,281.09,6.7,9.37
OLI-ELE-053,1/9/2019,Olinger,Normal,Male,Electronics,96.37,7,33.73,708.32,674.59,659.55,6,15.04
OLI-ELE-054,3/29/2019,Olinger,Member,Male,Electronics,82.34,10,41.17,864.57,823.4,783.06,4.3,40.34
OLI-ELE-055,2/18/2019,Olinger,Member,Female,Electronics,60.95,1,3.05,64,60.95,58.41,5.9,2.54
OLI-FBV-001,2/6/2019,Olinger,Member,Female,Food and beverages,99.42,4,19.88,417.56,397.68,385.38,7.5,12.3
OLI-FBV-002,3/4/2019,Olinger,Member,Female,Food and beverages,98.7,8,39.48,829.08,789.6,747.26,7.6,42.34
OLI-FBV-003,2/3/2019,Olinger,Member,Male,Food and beverages,91.4,7,31.99,671.79,639.8,617.63,9.5,22.17
OLI-FBV-004,1/6/2019,Olinger,Normal,Male,Food and beverages,89.48,10,44.74,939.54,894.8,850.89,9.6,43.91
OLI-FBV-005,3/5/2019,Olinger,Member,Female,Food and beverages,78.31,10,39.16,822.26,783.1,749.4,6.6,33.7
OLI-FBV-006,1/23/2019,Olinger,Normal,Male,Food and beverages,19.25,8,7.7,161.7,154,146.19,6.6,7.81
OLI-FBV-007,2/23/2019,Olinger,Member,Female,Food and beverages,80.36,4,16.07,337.51,321.44,304.82,8.3,16.62
OLI-FBV-008,3/24/2019,Olinger,Normal,Female,Food and beverages,33.98,9,15.29,321.11,305.82,292.96,4.2,12.86
OLI-FBV-009,1/8/2019,Olinger,Member,Female,Food and beverages,68.54,8,27.42,575.74,548.32,517.34,8.5,30.98
OLI-FBV-010,2/22/2019,Olinger,Member,Female,Food and beverages,30.41,1,1.52,31.93,30.41,28.97,8.4,1.44
OLI-FBV-011,2/7/2019,Olinger,Normal,Female,Food and beverages,16.48,6,4.94,103.82,98.88,93.53,9.9,5.35
OLI-FBV-012,1/19/2019,Olinger,Normal,Female,Food and beverages,43.18,8,17.27,362.71,345.44,330.58,8.3,14.86
OLI-FBV-013,1/23/2019,Olinger,Member,Male,Food and beverages,38.47,8,15.39,323.15,307.76,300.13,7.7,7.63
OLI-FBV-014,3/16/2019,Olinger,Normal,Female,Food and beverages,87.8,9,39.51,829.71,790.2,757.21,9.2,32.99
OLI-FBV-015,2/17/2019,Olinger,Member,Female,Food and beverages,71.39,5,17.85,374.8,356.95,347.79,5.5,9.16
OLI-FBV-016,1/16/2019,Olinger,Normal,Female,Food and beverages,93.26,9,41.97,881.31,839.34,804.46,8.8,34.88
OLI-FBV-017,2/25/2019,Olinger,Normal,Male,Food and beverages,48.61,1,2.43,51.04,48.61,47.02,4.4,1.59
OLI-FBV-018,2/14/2019,Olinger,Member,Male,Food and beverages,99.37,2,9.94,208.68,198.74,190.01,5.2,8.73
OLI-FBV-019,2/9/2019,Olinger,Member,Female,Food and beverages,21.08,3,3.16,66.4,63.24,61.54,7.3,1.7
OLI-FBV-020,2/26/2019,Olinger,Normal,Female,Food and beverages,22.93,9,10.32,216.69,206.37,201.4,5.5,4.97
OLI-FBV-021,3/12/2019,Olinger,Member,Male,Food and beverages,94.26,4,18.85,395.89,377.04,359.85,8.6,17.19
OLI-FBV-022,1/30/2019,Olinger,Normal,Female,Food and beverages,97.03,5,24.26,509.41,485.15,471.56,9.3,13.59
OLI-FBV-023,2/27/2019,Olinger,Normal,Female,Food and beverages,94.47,8,37.79,793.55,755.76,714.56,9.1,41.2
OLI-FBV-024,3/7/2019,Olinger,Normal,Male,Food and beverages,99.79,2,9.98,209.56,199.58,189.61,8,9.97
OLI-FBV-025,2/19/2019,Olinger,Normal,Female,Food and beverages,41.24,4,8.25,173.21,164.96,158.62,7.1,6.34
OLI-FBV-026,3/1/2019,Olinger,Member,Female,Food and beverages,74.89,4,14.98,314.54,299.56,282.94,4.2,16.62
OLI-FBV-027,3/11/2019,Olinger,Normal,Male,Food and beverages,46.77,6,14.03,294.65,280.62,266.37,6,14.25
OLI-FBV-028,3/25/2019,Olinger,Normal,Female,Food and beverages,39.43,6,11.83,248.41,236.58,223.44,9.4,13.14
OLI-FBV-029,3/28/2019,Olinger,Member,Female,Food and beverages,38.6,3,5.79,121.59,115.8,109.56,7.5,6.24
OLI-FBV-030,3/8/2019,Olinger,Normal,Male,Food and beverages,43.27,2,4.33,90.87,86.54,82.55,5.7,3.99
OLI-FBV-031,3/8/2019,Olinger,Member,Male,Food and beverages,17.04,4,3.41,71.57,68.16,66.81,7,1.35
OLI-FBV-032,1/15/2019,Olinger,Member,Male,Food and beverages,17.44,5,4.36,91.56,87.2,83.95,8.1,3.25
OLI-FBV-033,2/14/2019,Olinger,Member,Male,Food and beverages,27.66,10,13.83,290.43,276.6,265.19,8.9,11.41
OLI-FBV-034,2/23/2019,Olinger,Normal,Male,Food and beverages,35.89,1,1.79,37.68,35.89,35.15,7.9,0.74
OLI-FBV-035,2/3/2019,Olinger,Normal,Male,Food and beverages,40.52,5,10.13,212.73,202.6,193.42,4.5,9.18
OLI-FBV-036,3/17/2019,Olinger,Member,Female,Food and beverages,22.62,1,1.13,23.75,22.62,21.38,6.4,1.24
OLI-FBV-037,2/9/2019,Olinger,Normal,Male,Food and beverages,21.58,1,1.08,22.66,21.58,20.51,7.2,1.07
OLI-FBV-038,2/2/2019,Olinger,Normal,Male,Food and beverages,65.97,8,26.39,554.15,527.76,499.56,8.4,28.2
OLI-FBV-039,1/27/2019,Olinger,Normal,Female,Food and beverages,90.24,6,27.07,568.51,541.44,521.57,6.2,19.87
OLI-FBV-040,3/26/2019,Olinger,Normal,Female,Food and beverages,16.31,9,7.34,154.13,146.79,142.93,8.4,3.86
OLI-FBV-041,2/1/2019,Olinger,Member,Female,Food and beverages,87.48,6,26.24,551.12,524.88,505.59,5.1,19.29
OLI-FBV-042,1/30/2019,Olinger,Member,Female,Food and beverages,98.52,10,49.26,1034.46,985.2,945.87,4.5,39.33
OLI-FBV-043,2/11/2019,Olinger,Normal,Male,Food and beverages,89.2,10,44.6,936.6,892,859.27,4.4,32.73
OLI-FBV-044,1/14/2019,Olinger,Normal,Male,Food and beverages,31.77,4,6.35,133.43,127.08,121.14,6.2,5.94
OLI-FBV-045,1/7/2019,Olinger,Normal,Male,Food and beverages,27.22,3,4.08,85.74,81.66,77.5,7.3,4.16
OLI-FBV-046,3/14/2019,Olinger,Normal,Male,Food and beverages,77.56,10,38.78,814.38,775.6,758.95,6.9,16.65
OLI-FBV-047,3/28/2019,Olinger,Member,Female,Food and beverages,49.79,4,9.96,209.12,199.16,195.03,6.4,4.13
OLI-FBV-048,3/9/2019,Olinger,Member,Female,Food and beverages,98.97,9,44.54,935.27,890.73,865.75,6.7,24.98
OLI-FBV-050,2/12/2019,Olinger,Member,Female,Food and beverages,87.1,10,43.55,914.55,871,848.01,9.9,22.99
OLI-FBV-051,3/12/2019,Olinger,Member,Male,Food and beverages,55.04,7,19.26,404.54,385.28,364.19,5.2,21.09
OLI-FBV-052,1/16/2019,Olinger,Normal,Female,Food and beverages,52.6,9,23.67,497.07,473.4,460.28,7.6,13.12
OLI-FBV-053,1/21/2019,Olinger,Member,Male,Food and beverages,68.98,1,3.45,72.43,68.98,66.49,4.8,2.49
OLI-FBV-054,1/11/2019,Olinger,Member,Female,Food and beverages,36.77,7,12.87,270.26,257.39,243.16,7.4,14.23
OLI-FBV-055,1/14/2019,Olinger,Normal,Male,Food and beverages,84.83,1,4.24,89.07,84.83,80.98,8.8,3.85
OLI-FBV-057,2/6/2019,Olinger,Normal,Female,Food and beverages,52.42,1,2.62,55.04,52.42,49.96,6.3,2.46
OLI-FBV-058,1/17/2019,Olinger,Member,Male,Food and beverages,65.65,2,6.57,137.87,131.3,128.46,6,2.84
OLI-FBV-059,2/13/2019,Olinger,Member,Female,Food and beverages,14.87,2,1.49,31.23,29.74,28.21,8.9,1.53
OLI-FBV-060,1/8/2019,Olinger,Member,Female,Food and beverages,72.88,9,32.8,688.72,655.92,632.26,4,23.66
OLI-FBV-061,1/8/2019,Olinger,Member,Male,Food and beverages,24.31,3,3.65,76.58,72.93,70.93,4.3,2
OLI-FBV-062,2/5/2019,Olinger,Member,Female,Food and beverages,47.27,6,14.18,297.8,283.62,274.26,8.8,9.36
OLI-FBV-063,3/21/2019,Olinger,Normal,Female,Food and beverages,57.29,6,17.19,360.93,343.74,332.52,5.9,11.22
OLI-FBV-064,1/13/2019,Olinger,Member,Female,Food and beverages,21.04,4,4.21,88.37,84.16,80.13,7.6,4.03
OLI-FBV-065,1/10/2019,Olinger,Member,Male,Food and beverages,50.49,9,22.72,477.13,454.41,443.63,5.4,10.78
OLI-FBV-066,1/19/2019,Olinger,Member,Male,Food and beverages,59.59,4,11.92,250.28,238.36,231.48,9.8,6.88
OLI-HBE-001,3/23/2019,Olinger,Normal,Female,Health and beauty,54.92,8,21.97,461.33,439.36,424.85,7.6,14.51
OLI-HBE-002,2/10/2019,Olinger,Normal,Female,Health and beauty,33.47,2,3.35,70.29,66.94,64.92,6.7,2.02
OLI-HBE-003,1/22/2019,Olinger,Normal,Female,Health and beauty,20.38,5,5.1,107,101.9,98.51,6,3.39
OLI-HBE-004,1/21/2019,Olinger,Normal,Female,Health and beauty,99.19,6,29.76,624.9,595.14,569.96,5.5,25.18
OLI-HBE-005,2/6/2019,Olinger,Normal,Male,Health and beauty,89.75,1,4.49,94.24,89.75,84.76,6.6,4.99
OLI-HBE-006,2/5/2019,Olinger,Member,Female,Health and beauty,98.21,3,14.73,309.36,294.63,281.95,7.8,12.68
OLI-HBE-007,3/8/2019,Olinger,Normal,Female,Health and beauty,81.3,6,24.39,512.19,487.8,466.59,5.3,21.21
OLI-HBE-008,1/25/2019,Olinger,Member,Male,Health and beauty,90.5,10,45.25,950.25,905,855.08,8.1,49.92
OLI-HBE-009,2/5/2019,Olinger,Member,Female,Health and beauty,68.6,10,34.3,720.3,686,662.83,9.1,23.17
OLI-HBE-010,3/8/2019,Olinger,Normal,Female,Health and beauty,46.26,6,13.88,291.44,277.56,267.93,9.5,9.63
OLI-HBE-011,3/19/2019,Olinger,Normal,Male,Health and beauty,66.14,4,13.23,277.79,264.56,254.33,5.6,10.23
OLI-HBE-012,1/28/2019,Olinger,Member,Male,Health and beauty,86.8,3,13.02,273.42,260.4,251.63,9.9,8.77
OLI-HBE-013,1/25/2019,Olinger,Normal,Male,Health and beauty,34.31,8,13.72,288.2,274.48,264.99,5.7,9.49
OLI-HBE-014,3/26/2019,Olinger,Member,Male,Health and beauty,43.7,2,4.37,91.77,87.4,85.53,4.9,1.87
OLI-HBE-015,3/12/2019,Olinger,Normal,Male,Health and beauty,41.5,4,8.3,174.3,166,161.53,8.2,4.47
OLI-HBE-016,1/28/2019,Olinger,Normal,Male,Health and beauty,17.41,5,4.35,91.4,87.05,84.6,4.9,2.45
OLI-HBE-017,1/3/2019,Olinger,Member,Female,Health and beauty,21.12,2,2.11,44.35,42.24,40.13,9.7,2.11
OLI-HBE-018,3/11/2019,Olinger,Member,Female,Health and beauty,29.67,7,10.38,218.07,207.69,201.8,8.1,5.89
OLI-HBE-019,2/18/2019,Olinger,Member,Male,Health and beauty,44.07,4,8.81,185.09,176.28,167.14,8.4,9.14
OLI-HBE-020,1/18/2019,Olinger,Normal,Female,Health and beauty,39.42,1,1.97,41.39,39.42,38.08,8.4,1.34
OLI-HBE-021,1/22/2019,Olinger,Member,Female,Health and beauty,81.51,1,4.08,85.59,81.51,77.06,9.2,4.45
OLI-HBE-022,2/8/2019,Olinger,Member,Female,Health and beauty,37.15,7,13,273.05,260.05,253.28,7.7,6.77
OLI-HBE-023,1/1/2019,Olinger,Normal,Male,Health and beauty,62.87,2,6.29,132.03,125.74,120.66,5,5.08
OLI-HBE-024,1/3/2019,Olinger,Member,Male,Health and beauty,75.88,1,3.79,79.67,75.88,72.59,7.1,3.29
OLI-HBE-025,3/3/2019,Olinger,Member,Male,Health and beauty,46.53,6,13.96,293.14,279.18,264.93,4.3,14.25
OLI-HBE-026,3/30/2019,Olinger,Normal,Male,Health and beauty,70.21,6,21.06,442.32,421.26,406.77,7.4,14.49
OLI-HBE-027,2/16/2019,Olinger,Member,Female,Health and beauty,47.71,6,14.31,300.57,286.26,272.08,4.4,14.18
OLI-HBE-028,2/15/2019,Olinger,Normal,Male,Health and beauty,33.64,8,13.46,282.58,269.12,260.7,9.3,8.42
OLI-HBE-029,2/7/2019,Olinger,Normal,Male,Health and beauty,58.95,10,29.48,618.98,589.5,575.05,8.1,14.45
OLI-HBE-030,2/4/2019,Olinger,Normal,Female,Health and beauty,13.85,9,6.23,130.88,124.65,118,6,6.65
OLI-HBE-031,2/6/2019,Olinger,Member,Female,Health and beauty,28.5,8,11.4,239.4,228,218.51,6.6,9.49
OLI-HBE-032,3/10/2019,Olinger,Member,Male,Health and beauty,81.95,10,40.98,860.48,819.5,791.85,6,27.65
OLI-HBE-033,1/15/2019,Olinger,Member,Male,Health and beauty,81.23,7,28.43,597.04,568.61,556.23,9,12.38
OLI-HBE-034,2/27/2019,Olinger,Member,Female,Health and beauty,85.87,7,30.05,631.14,601.09,570.2,8,30.89
OLI-HBE-035,3/5/2019,Olinger,Member,Male,Health and beauty,65.31,7,22.86,480.03,457.17,442.09,4.2,15.08
OLI-HBE-036,2/19/2019,Olinger,Normal,Male,Health and beauty,21.8,8,8.72,183.12,174.4,165.42,8.3,8.98
OLI-HBE-037,2/24/2019,Olinger,Member,Female,Health and beauty,10.16,5,2.54,53.34,50.8,48.31,4.1,2.49
OLI-HBE-038,1/23/2019,Olinger,Normal,Male,Health and beauty,10.99,5,2.75,57.7,54.95,52.02,9.3,2.93
OLI-HBE-039,1/14/2019,Olinger,Member,Male,Health and beauty,60.47,3,9.07,190.48,181.41,175.7,5.6,5.71
OLI-HBE-040,2/15/2019,Olinger,Member,Male,Health and beauty,68.55,4,13.71,287.91,274.2,260.24,9.2,13.96
OLI-HBE-041,1/14/2019,Olinger,Normal,Male,Health and beauty,53.19,7,18.62,390.95,372.33,363.51,5,8.82
OLI-HBE-042,1/26/2019,Olinger,Member,Male,Health and beauty,33.81,3,5.07,106.5,101.43,98.55,7.3,2.88
OLI-HBE-043,1/17/2019,Olinger,Member,Female,Health and beauty,62.82,2,6.28,131.92,125.64,122.13,4.9,3.51
OLI-HBE-044,2/21/2019,Olinger,Normal,Female,Health and beauty,83.66,5,20.92,439.22,418.3,397.7,7.2,20.6
OLI-HBE-045,3/2/2019,Olinger,Member,Male,Health and beauty,85.6,7,29.96,629.16,599.2,573.74,5.3,25.46
OLI-HBE-046,2/14/2019,Olinger,Normal,Female,Health and beauty,58.32,2,5.83,122.47,116.64,111.85,6,4.79
OLI-HBE-047,2/9/2019,Olinger,Normal,Male,Health and beauty,84.61,10,42.31,888.41,846.1,808.55,8.8,37.55
OLI-HBE-048,1/20/2019,Olinger,Normal,Male,Health and beauty,64.08,7,22.43,470.99,448.56,427.34,7.6,21.22
OLI-HBE-049,1/5/2019,Olinger,Normal,Female,Health and beauty,78.89,7,27.61,579.84,552.23,541.27,7.5,10.96
OLI-HBE-050,1/23/2019,Olinger,Normal,Male,Health and beauty,99.96,7,34.99,734.71,699.72,664.59,6.1,35.13
OLI-HBE-051,1/29/2019,Olinger,Normal,Male,Health and beauty,40.35,1,2.02,42.37,40.35,38.71,6.2,1.64
OLI-HML-001,2/24/2019,Olinger,Normal,Female,Home and lifestyle,73.56,10,36.78,772.38,735.6,702.08,8,33.52
OLI-HML-002,2/2/2019,Olinger,Member,Male,Home and lifestyle,56.11,2,5.61,117.83,112.22,107.89,6.3,4.33
OLI-HML-003,2/24/2019,Olinger,Normal,Male,Home and lifestyle,55.73,6,16.72,351.1,334.38,316.8,7,17.58
OLI-HML-004,1/23/2019,Olinger,Member,Female,Home and lifestyle,47.38,4,9.48,199,189.52,182.38,7.1,7.14
OLI-HML-005,2/1/2019,Olinger,Member,Female,Home and lifestyle,80.79,9,36.36,763.47,727.11,707.2,9.5,19.91
OLI-HML-006,3/13/2019,Olinger,Member,Male,Home and lifestyle,63.91,8,25.56,536.84,511.28,488.9,4.6,22.38
OLI-HML-007,1/16/2019,Olinger,Normal,Male,Home and lifestyle,95.58,10,47.79,1003.59,955.8,929.74,4.8,26.06
OLI-HML-008,1/28/2019,Olinger,Normal,Female,Home and lifestyle,69.81,4,13.96,293.2,279.24,263.79,5.9,15.45
OLI-HML-009,3/18/2019,Olinger,Member,Female,Home and lifestyle,28.53,10,14.27,299.57,285.3,274.18,7.8,11.12
OLI-HML-010,3/14/2019,Olinger,Normal,Male,Home and lifestyle,35.47,4,7.09,148.97,141.88,137.2,6.9,4.68
OLI-HML-011,1/7/2019,Olinger,Member,Female,Home and lifestyle,21.82,10,10.91,229.11,218.2,212.62,7.1,5.58
OLI-HML-012,3/6/2019,Olinger,Normal,Male,Home and lifestyle,37,1,1.85,38.85,37,35.36,7.9,1.64
OLI-HML-013,3/24/2019,Olinger,Member,Male,Home and lifestyle,74.86,1,3.74,78.6,74.86,72.01,6.9,2.85
OLI-HML-014,1/19/2019,Olinger,Member,Female,Home and lifestyle,88.61,1,4.43,93.04,88.61,84.48,7.7,4.13
OLI-HML-015,1/20/2019,Olinger,Member,Female,Home and lifestyle,89.25,8,35.7,749.7,714,677.45,4.7,36.55
OLI-HML-016,3/14/2019,Olinger,Normal,Female,Home and lifestyle,70.11,6,21.03,441.69,420.66,397.98,5.2,22.68
OLI-HML-017,3/12/2019,Olinger,Normal,Male,Home and lifestyle,46.22,4,9.24,194.12,184.88,177.3,6.2,7.58
OLI-HML-018,2/4/2019,Olinger,Member,Male,Home and lifestyle,13.98,1,0.7,14.68,13.98,13.35,9.8,0.63
OLI-HML-019,1/8/2019,Olinger,Normal,Female,Home and lifestyle,45.38,4,9.08,190.6,181.52,176.62,8.7,4.9
OLI-HML-020,1/23/2019,Olinger,Member,Female,Home and lifestyle,83.77,6,25.13,527.75,502.62,477.71,5.4,24.91
OLI-HML-021,1/30/2019,Olinger,Normal,Male,Home and lifestyle,22.96,1,1.15,24.11,22.96,21.81,4.3,1.15
OLI-HML-022,3/5/2019,Olinger,Member,Female,Home and lifestyle,12.12,10,6.06,127.26,121.2,118.14,8.4,3.06
OLI-HML-023,1/27/2019,Olinger,Normal,Male,Home and lifestyle,69.4,2,6.94,145.74,138.8,134.91,9,3.89
OLI-HML-024,2/9/2019,Olinger,Member,Female,Home and lifestyle,15.95,6,4.79,100.49,95.7,91.82,5.1,3.88
OLI-HML-025,1/22/2019,Olinger,Member,Male,Home and lifestyle,39.39,5,9.85,206.8,196.95,189.64,8.7,7.31
OLI-HML-026,3/20/2019,Olinger,Member,Female,Home and lifestyle,83.17,6,24.95,523.97,499.02,472.13,7.3,26.89
OLI-HML-027,2/7/2019,Olinger,Normal,Male,Home and lifestyle,16.67,7,5.83,122.52,116.69,112.6,7.4,4.09
OLI-HML-028,1/27/2019,Olinger,Member,Female,Home and lifestyle,24.24,7,8.48,178.16,169.68,165.08,9.4,4.6
OLI-HML-029,1/12/2019,Olinger,Normal,Male,Home and lifestyle,97.5,10,48.75,1023.75,975,950.07,8,24.93
OLI-HML-030,3/19/2019,Olinger,Member,Female,Home and lifestyle,75.53,4,15.11,317.23,302.12,294.3,8.3,7.82
OLI-HML-031,1/8/2019,Olinger,Member,Male,Home and lifestyle,55.57,3,8.34,175.05,166.71,157.66,5.9,9.05
OLI-HML-032,3/23/2019,Olinger,Member,Female,Home and lifestyle,81.2,7,28.42,596.82,568.4,539.44,8.1,28.96
OLI-HML-033,3/23/2019,Olinger,Normal,Male,Home and lifestyle,55.61,7,19.46,408.73,389.27,376.2,8.5,13.07
OLI-HML-034,1/30/2019,Olinger,Member,Female,Home and lifestyle,10.53,5,2.63,55.28,52.65,50.22,5.8,2.43
OLI-HML-035,3/3/2019,Olinger,Normal,Female,Home and lifestyle,44.01,8,17.6,369.68,352.08,341.24,8.8,10.84
OLI-HML-036,1/24/2019,Olinger,Member,Female,Home and lifestyle,60.87,1,3.04,63.91,60.87,58.92,5.5,1.95
OLI-HML-037,2/11/2019,Olinger,Member,Male,Home and lifestyle,86.69,5,21.67,455.12,433.45,415.47,9.4,17.98
OLI-HML-038,2/20/2019,Olinger,Member,Female,Home and lifestyle,86.27,1,4.31,90.58,86.27,82.8,7,3.47
OLI-HML-039,3/15/2019,Olinger,Normal,Male,Home and lifestyle,65.26,8,26.1,548.18,522.08,502.66,6.3,19.42
OLI-HML-040,3/24/2019,Olinger,Member,Female,Home and lifestyle,78.38,4,15.68,329.2,313.52,305.83,7.9,7.69
OLI-HML-041,3/10/2019,Olinger,Member,Female,Home and lifestyle,35.79,9,16.11,338.22,322.11,315.57,5.1,6.54
OLI-HML-042,2/22/2019,Olinger,Member,Female,Home and lifestyle,12.73,2,1.27,26.73,25.46,24.57,5.2,0.89
OLI-HML-043,1/24/2019,Olinger,Member,Male,Home and lifestyle,85.72,3,12.86,270.02,257.16,251.46,5.1,5.7
OLI-HML-044,2/6/2019,Olinger,Member,Male,Home and lifestyle,35.81,5,8.95,188,179.05,174.33,7.9,4.72
OLI-HML-045,1/9/2019,Olinger,Normal,Female,Home and lifestyle,15.8,10,7.9,165.9,158,153.53,7.8,4.47
OLI-STR-001,1/7/2019,Olinger,Member,Female,Sports and travel,68.12,1,3.41,71.53,68.12,66.55,6.8,1.57
OLI-STR-002,2/15/2019,Olinger,Member,Female,Sports and travel,24.74,3,3.71,77.93,74.22,70.11,10,4.11
OLI-STR-003,3/9/2019,Olinger,Member,Male,Sports and travel,48.91,5,12.23,256.78,244.55,232.98,6.6,11.57
OLI-STR-004,3/5/2019,Olinger,Normal,Female,Sports and travel,83.06,7,29.07,610.49,581.42,564.36,4,17.06
OLI-STR-005,1/26/2019,Olinger,Normal,Female,Sports and travel,44.86,10,22.43,471.03,448.6,427.73,8.2,20.87
OLI-STR-006,1/12/2019,Olinger,Member,Male,Sports and travel,57.12,7,19.99,419.83,399.84,383.02,6.5,16.82
OLI-STR-007,1/23/2019,Olinger,Member,Female,Sports and travel,89.8,10,44.9,942.9,898,855.14,5.4,42.86
OLI-STR-008,3/11/2019,Olinger,Member,Male,Sports and travel,34.56,7,12.1,254.02,241.92,232.1,7.3,9.82
OLI-STR-009,1/28/2019,Olinger,Normal,Female,Sports and travel,80.97,8,32.39,680.15,647.76,621.26,9.3,26.5
OLI-STR-010,1/30/2019,Olinger,Normal,Male,Sports and travel,76.4,2,7.64,160.44,152.8,149.76,6.5,3.04
OLI-STR-011,1/29/2019,Olinger,Member,Female,Sports and travel,19.15,6,5.75,120.65,114.9,112.03,6.8,2.87
OLI-STR-012,1/11/2019,Olinger,Member,Female,Sports and travel,87.16,2,8.72,183.04,174.32,167.93,9.7,6.39
OLI-STR-013,3/2/2019,Olinger,Normal,Female,Sports and travel,14.39,2,1.44,30.22,28.78,27.77,7.2,1.01
OLI-STR-014,1/31/2019,Olinger,Normal,Female,Sports and travel,23.75,9,10.69,224.44,213.75,204.97,9.5,8.78
OLI-STR-015,3/24/2019,Olinger,Member,Male,Sports and travel,14.7,5,3.68,77.18,73.5,71.78,8.5,1.72
OLI-STR-016,1/9/2019,Olinger,Normal,Female,Sports and travel,95.44,10,47.72,1002.12,954.4,904.1,5.2,50.3
OLI-STR-017,1/27/2019,Olinger,Normal,Female,Sports and travel,14.36,10,7.18,150.78,143.6,138.81,5.4,4.79
OLI-STR-018,2/22/2019,Olinger,Normal,Male,Sports and travel,95.49,7,33.42,701.85,668.43,652.03,8.7,16.4
OLI-STR-019,3/19/2019,Olinger,Normal,Male,Sports and travel,99.24,9,44.66,937.82,893.16,860.9,9,32.26
OLI-STR-020,1/20/2019,Olinger,Member,Male,Sports and travel,82.93,4,16.59,348.31,331.72,313.81,9.6,17.91
OLI-STR-021,2/3/2019,Olinger,Normal,Female,Sports and travel,73.95,4,14.79,310.59,295.8,279.48,6.1,16.32
OLI-STR-022,3/2/2019,Olinger,Member,Female,Sports and travel,54.55,10,27.28,572.78,545.5,516.36,7.1,29.14
OLI-STR-023,1/1/2019,Olinger,Member,Female,Sports and travel,36.98,10,18.49,388.29,369.8,361.09,7,8.71
OLI-STR-024,2/23/2019,Olinger,Member,Male,Sports and travel,58.39,7,20.44,429.17,408.73,389.4,8.2,19.33
OLI-STR-025,1/17/2019,Olinger,Member,Male,Sports and travel,71.92,5,17.98,377.58,359.6,349.38,4.3,10.22
OLI-STR-026,2/3/2019,Olinger,Normal,Female,Sports and travel,49.33,10,24.67,517.97,493.3,466.05,9.4,27.25
OLI-STR-027,3/2/2019,Olinger,Normal,Female,Sports and travel,73.98,7,25.89,543.75,517.86,495.93,4.1,21.93
OLI-STR-028,2/17/2019,Olinger,Normal,Female,Sports and travel,46.66,9,21,440.94,419.94,409.27,5.3,10.67
OLI-STR-029,1/19/2019,Olinger,Member,Male,Sports and travel,80.93,1,4.05,84.98,80.93,79.23,9,1.7
OLI-STR-030,1/16/2019,Olinger,Member,Female,Sports and travel,15.49,2,1.55,32.53,30.98,29.76,6.3,1.22
OLI-STR-031,1/16/2019,Olinger,Member,Male,Sports and travel,17.14,7,6,125.98,119.98,114.19,7.9,5.79
OLI-STR-032,2/21/2019,Olinger,Normal,Female,Sports and travel,98.8,2,9.88,207.48,197.6,187.39,7.7,10.21
OLI-STR-033,3/13/2019,Olinger,Member,Male,Sports and travel,72.88,2,7.29,153.05,145.76,138.42,6.1,7.34
OLI-STR-034,1/25/2019,Olinger,Member,Female,Sports and travel,70.19,9,31.59,663.3,631.71,598.87,6.7,32.84
OLI-STR-035,1/18/2019,Olinger,Member,Female,Sports and travel,90.63,9,40.78,856.45,815.67,785.63,5.1,30.04
OLI-STR-036,1/2/2019,Olinger,Member,Female,Sports and travel,31.67,8,12.67,266.03,253.36,247.31,5.6,6.05
OLI-STR-037,2/17/2019,Olinger,Member,Female,Sports and travel,67.99,7,23.8,499.73,475.93,456.03,5.7,19.9
OLI-STR-038,3/20/2019,Olinger,Member,Male,Sports and travel,25.25,5,6.31,132.56,126.25,121.84,6.1,4.41
OLI-STR-039,2/8/2019,Olinger,Member,Female,Sports and travel,64.97,5,16.24,341.09,324.85,315.89,6.5,8.96
OLI-STR-040,2/7/2019,Olinger,Member,Male,Sports and travel,10.17,1,0.51,10.68,10.17,9.75,5.9,0.42
OLI-STR-041,1/1/2019,Olinger,Member,Female,Sports and travel,29.22,6,8.77,184.09,175.32,168.27,5,7.05
OLI-STR-042,1/30/2019,Olinger,Normal,Female,Sports and travel,22.38,1,1.12,23.5,22.38,21.53,8.6,0.85
OLI-STR-043,3/14/2019,Olinger,Member,Male,Sports and travel,42.85,1,2.14,44.99,42.85,41.93,9.3,0.92
OLI-STR-044,1/10/2019,Olinger,Normal,Female,Sports and travel,83.14,7,29.1,611.08,581.98,569.84,6.6,12.14
OLI-STR-045,3/14/2019,Olinger,Member,Female,Sports and travel,35.22,6,10.57,221.89,211.32,203.65,6.5,7.67
